@article{Clark_1997,
	doi = {10.1016/s0261-5606(97)00008-9},
	url = {https://doi.org/10.1016%2Fs0261-5606%2897%2900008-9},
	year = 1997,
	month = {jun},
	publisher = {Elsevier {BV}},
	volume = {16},
	number = {3},
	pages = {477--490},
	author = {Ephraim Clark},
	title = {Valuing political risk},
	journal = {Journal of International Money and Finance}
}

@article{Persson_Svensson_1989_QJE,
	doi = {10.2307/2937850},
	url = {https://doi.org/10.2307%2F2937850},
	year = 1989,
	month = {may},
	publisher = {Oxford University Press ({OUP})},
	volume = {104},
	number = {2},
	pages = {325},
	author = {Torsten Persson and Lars E. O. Svensson},
	title = {Why a Stubborn Conservative would Run a Deficit: Policy with Time- Inconsistent Preferences},
	journal = {The Quarterly Journal of Economics}
}

@book{Alexander_2019,
	doi = {10.1093/oso/9780190939427.001.0001},
	url = {https://doi.org/10.1093%2Foso%2F9780190939427.001.0001},
	year = 2019,
	month = {apr},
	publisher = {Oxford University Press},
	author = {Robert M. Alexander},
	title = {Representation and the Electoral College}
}

@article{Bloom_2015,
	doi = {10.1093/restud/rdv039},
	url = {https://doi.org/10.1093%2Frestud%2Frdv039},
	year = 2015,
	month = {sep},
	publisher = {Oxford University Press ({OUP})},
	volume = {83},
	number = {1},
	pages = {87--117},
	author = {Nicholas Bloom and Mirko Draca and John Van Reenen},
	title = {Trade Induced Technical Change? The Impact of Chinese Imports on Innovation, {IT} and Productivity},
	journal = {The Review of Economic Studies}
}

@article{Waldman_2003_JEP,
	 title={Durable Goods Theory for Real World Markets},
	 volume={17},
	 ISSN={0895-3309},
	 url={http://dx.doi.org/10.1257/089533003321164985},
	 DOI={10.1257/089533003321164985},
	 number={1},
	 journal={Journal of Economic Perspectives},
	 publisher={American Economic Association},
	 author={Waldman, Michael},
	 year={2003},
	 month={Feb},
	 pages={131–154}
}


@inproceedings{Kimmatkar_2015_ICIIECS,
	doi = {10.1109/iciiecs.2015.7192874},
	url = {https://doi.org/10.1109%2Ficiiecs.2015.7192874},
	year = 2015,
	month = {mar},
	publisher = {{IEEE}},
	author = {Sarang B. Kimmatkar},
	title = {Collecting clipped data from default clipboard in Linux},
	booktitle = {2015 International Conference on Innovations in Information, Embedded and Communication Systems ({ICIIECS})}
}

@article{Robert_A_Becker_and_Eugene_N_Tsyganov_2002_Journal_of_Economic_Theory,
	doi = {10.1006/jeth.2001.2886},
	url = {https://doi.org/10.1006%2Fjeth.2001.2886},
	year = 2002,
	month = {jul},
	publisher = {Elsevier {BV}},
	volume = {105},
	number = {1},
	pages = {188--225},
	author = {Robert A. Becker and Eugene N. Tsyganov},
	title = {Ramsey Equilibrium in a Two-Sector Model with Heterogeneous Households},
	journal = {Journal of Economic Theory}
}

@misc{raymond2001cathedral,
  title={The cathedral and the bazaar: Musings on Linux and open source by an accidental revolutionary. Sebastopol, CA: OReilly Media},
  author={Raymond, Eric S},
  year={2001},
  publisher={Inc}
}

@article{Michael_Reiter_2018_Journal_of_Economic_Dynamics_and_Control,
	doi = {10.1016/j.jedc.2018.01.009},
	url = {https://doi.org/10.1016%2Fj.jedc.2018.01.009},
	year = 2018,
	month = {apr},
	publisher = {Elsevier {BV}},
	volume = {89},
	pages = {93--99},
	author = {Michael Reiter},
	title = {Comments on {\textquotedblleft}Exploiting {MIT} shocks in heterogeneous-agent economies: The impulse response as a numerical derivative{\textquotedblright} by T. Boppart, P. Krusell and K. Mitman},
	journal = {Journal of Economic Dynamics and Control}
}

@article{Akins_2007_SC,
	doi = {10.1111/j.1751-9020.2007.00026.x},
	url = {https://doi.org/10.1111%2Fj.1751-9020.2007.00026.x},
	year = 2007,
	month = {sep},
	publisher = {Wiley},
	volume = {1},
	number = {1},
	pages = {81--94},
	author = {Scott Akins},
	title = {Racial Residential Segregation and Crime},
	journal = {Sociology Compass}
}


@article{Dionissi_Aliprantis_and_Daniel_Carroll_and_Eric_R_Young_2019_SSRN_Electronic_Journal,
	doi = {10.2139/ssrn.3467718},
	url = {https://doi.org/10.2139%2Fssrn.3467718},
	year = 2019,
	publisher = {Elsevier {BV}},
	author = {Dionissi Aliprantis and Daniel Carroll and Eric R. Young},
	title = {The Dynamics of the Racial Wealth Gap},
	journal = {{SSRN} Electronic Journal}
}

@article{Mattozzi_2010_IER,
	doi = {10.1111/j.1468-2354.2009.00570.x},
	url = {https://doi.org/10.1111%2Fj.1468-2354.2009.00570.x},
	year = 2010,
	month = {feb},
	publisher = {Wiley},
	volume = {51},
	number = {1},
	pages = {45--71},
	author = {Andrea Mattozzi},
	title = {Policy Uncertainty, Electoral securities, and Redistribution},
	journal = {International Economic Review}
}


@book{Palacios-Huerta_2014_Book,
	doi = {10.23943/princeton/9780691144023.001.0001},
	url = {https://doi.org/10.23943%2Fprinceton%2F9780691144023.001.0001},
	year = 2014,
	month = {may},
	publisher = {Princeton University Press},
	author = {Ignacio Palacios-Huerta},
	title = {Beautiful Game Theory}
}

@article{Eaton_2012,
	doi = {10.1257/jep.26.2.65},
	url = {https://doi.org/10.1257%2Fjep.26.2.65},
	year = 2012,
	month = {may},
	publisher = {American Economic Association},
	volume = {26},
	number = {2},
	pages = {65--90},
	author = {Jonathan Eaton and Samuel Kortum},
	title = {Putting Ricardo to Work},
	journal = {Journal of Economic Perspectives}
}

@article{Johnes_1986_EL,
	doi = {10.1016/0165-1765(86)90247-8},
	url = {https://doi.org/10.1016%2F0165-1765%2886%2990247-8},
	year = 1986,
	month = {jan},
	publisher = {Elsevier {BV}},
	volume = {22},
	number = {2-3},
	pages = {279--282},
	author = {Geraint Johnes},
	title = {Optimal tax progressivity under imperfect competition},
	journal = {Economics Letters}
}


@article{policy2014imf,
  title={IMF Policy Paper: Fiscal Policy and Income Inequality},
  author={IMF},
  journal={International Monetary Fund},
  pages={15},
  year={2014}
}

@article{Swan_1970_TAER,
  title={Durability of consumption goods},
  author={Swan, Peter L},
  journal={The American Economic Review},
  volume={60},
  number={5},
  pages={884--894},
  year={1970},
  publisher={JSTOR}
}


@article{Broer_Hansen_Krusell_Öberg_2019_TRES,
	doi = {10.1093/restud/rdy060},
	url = {https://doi.org/10.1093%2Frestud%2Frdy060},
	year = 2019,
	month = {mar},
	publisher = {Oxford University Press ({OUP})},
	volume = {87},
	number = {1},
	pages = {77--101},
	author = {Tobias Broer and Niels-Jakob Harbo Hansen and Per Krusell and Erik Öberg},
	title = {The New Keynesian Transmission Mechanism: A Heterogeneous-Agent Perspective},
	journal = {The Review of Economic Studies}
}


@incollection{Rolph_van_der_Hoeven_2019,
	doi = {10.1007/978-3-030-14000-7_10},
	url = {https://doi.org/10.1007%2F978-3-030-14000-7_10},
	year = 2019,
	publisher = {Springer International Publishing},
	pages = {335--376},
	author = {Rolph van der Hoeven},
	title = {Income Inequality in Developing Countries, Past and Present},
	booktitle = {The Palgrave Handbook of Development Economics}
}

@article{Larry_Karp_and_Armon_Rezai_2014_International_Economic_Review,
	doi = {10.1111/iere.12068},
	url = {https://doi.org/10.1111%2Fiere.12068},
	year = 2014,
	month = {jul},
	publisher = {Wiley},
	volume = {55},
	number = {3},
	pages = {711--733},
	author = {Larry Karp and Armon Rezai},
	title = {{THE} {POLITICAL} {ECONOMY} {OF} {ENVIRONMENTAL} {POLICY} {WITH} {OVERLAPPING} {GENERATIONS}},
	journal = {International Economic Review}
}

@article{lucas1990doesn,
  title={Why doesn't capital flow from rich to poor countries?},
  author={Lucas, Robert E},
  journal={The American Economic Review},
  volume={80},
  number={2},
  pages={92--96},
  year={1990},
  publisher={JSTOR}
}

@article{Stephanie_SchmittGrohe_and_Martin_Uribe_2004_Journal_of_Economic_Dynamics_and_Control,
	doi = {10.1016/s0165-1889(03)00043-5},
	url = {https://doi.org/10.1016%2Fs0165-1889%2803%2900043-5},
	year = 2004,
	month = {jan},
	publisher = {Elsevier {BV}},
	volume = {28},
	number = {4},
	pages = {755--775},
	author = {Stephanie Schmitt-Groh{\'{e}} and Mart{\i}{\'}n Uribe},
	title = {Solving dynamic general equilibrium models using a second-order approximation to the policy function},
	journal = {Journal of Economic Dynamics and Control}
}

@article{Laibson_1997,
	doi = {10.1162/003355397555253},
	url = {https://doi.org/10.1162%2F003355397555253},
	year = 1997,
	month = {may},
	publisher = {Oxford University Press ({OUP})},
	volume = {112},
	number = {2},
	pages = {443--478},
	author = {D. Laibson},
	title = {Golden Eggs and Hyperbolic Discounting},
	journal = {The Quarterly Journal of Economics}
}

@article{Epstein_1989,
	doi = {10.2307/1913778},
	url = {https://doi.org/10.2307%2F1913778},
	year = 1989,
	month = {jul},
	publisher = {{JSTOR}},
	volume = {57},
	number = {4},
	pages = {937},
	author = {Larry G. Epstein and Stanley E. Zin},
	title = {Substitution, Risk Aversion, and the Temporal Behavior of Consumption and Asset Returns: A Theoretical Framework},
	journal = {Econometrica}
}

@book{Cole_2020_Book,
	doi = {10.1093/oso/9780190076030.001.0001},
	url = {https://doi.org/10.1093%2Foso%2F9780190076030.001.0001},
	year = 2020,
	month = {apr},
	publisher = {Oxford University Press},
	author = {Harold L. Cole},
	title = {Monetary and Fiscal Policy through a {DSGE} Lens}
}

@article{Jacoby_2002,
	doi = {10.1257/000282802762024575},
	url = {https://doi.org/10.1257%2F000282802762024575},
	year = 2002,
	month = {nov},
	publisher = {American Economic Association},
	volume = {92},
	number = {5},
	pages = {1420--1447},
	author = {Hanan G Jacoby and Guo Li and Scott Rozelle},
	title = {Hazards of Expropriation: Tenure Insecurity and Investment in Rural China},
	journal = {American Economic Review}
}

@article{Per_Krusell_and_Anthony_A_Smith_Jr_2003_Econometrica,
	doi = {10.1111/1468-0262.00400},
	url = {https://doi.org/10.1111%2F1468-0262.00400},
	year = 2003,
	month = {jan},
	publisher = {The Econometric Society},
	volume = {71},
	number = {1},
	pages = {365--375},
	author = {Per Krusell and Anthony A. Smith, Jr.},
	title = {Consumption-Savings Decisions with Quasi-Geometric Discounting},
	journal = {Econometrica}
}

@article{Thomas_1994,
	doi = {10.2307/2297878},
	url = {https://doi.org/10.2307%2F2297878},
	year = 1994,
	month = {jan},
	publisher = {Oxford University Press ({OUP})},
	volume = {61},
	number = {1},
	pages = {81--108},
	author = {J. Thomas and T. Worrall},
	title = {Foreign Direct Investment and the Risk of Expropriation},
	journal = {The Review of Economic Studies}
}

@article{Weems_2013,
	doi = {10.1002/gas.21703},
	url = {https://doi.org/10.1002%2Fgas.21703},
	year = 2013,
	month = {jul},
	publisher = {Wiley},
	volume = {30},
	number = {1},
	pages = {12--16},
	author = {Philip R. Weems},
	title = {International Natural Gas: Mitigating Expropriation Risk of Natural Gas Projects},
	journal = {Natural Gas {\&} Electricity}
}

@article{Steffen_Andersen_and_Glenn_W_Harrison_and_Morten_I._Lau_and_E_Elisabet_Rutström_2014_European_Economic_Review,
	doi = {10.1016/j.euroecorev.2014.06.009},
	url = {https://doi.org/10.1016%2Fj.euroecorev.2014.06.009},
	year = 2014,
	month = {oct},
	publisher = {Elsevier {BV}},
	volume = {71},
	pages = {15--33},
	author = {Steffen Andersen and Glenn W. Harrison and Morten I. Lau and E. Elisabet Rutström},
	title = {Discounting behavior: A reconsideration},
	journal = {European Economic Review}
}

@article{Karadi_2019,
	doi = {10.1257/mac.20160054},
	url = {https://doi.org/10.1257%2Fmac.20160054},
	year = 2019,
	month = {jul},
	publisher = {American Economic Association},
	volume = {11},
	number = {3},
	pages = {111--146},
	author = {Peter Karadi and Adam Reiff},
	title = {Menu Costs, Aggregate Fluctuations, and Large Shocks},
	journal = {American Economic Journal: Macroeconomics}
}

@article{Hatta_2020_,
	doi = {10.7880/abas.0200604a},
	url = {https://doi.org/10.7880%2Fabas.0200604a},
	year = 2020,
	month = {aug},
	publisher = {Global Business Research Center},
	volume = {19},
	number = {4},
	pages = {143--157},
	author = {Masayuki Hatta},
	title = {The Right to Repair, the Right to Tinker, and the Right to Innovate}
}


@article{Campbell_1999,
	doi = {10.1086/250059},
	url = {https://doi.org/10.1086%2F250059},
	year = 1999,
	month = {apr},
	publisher = {University of Chicago Press},
	volume = {107},
	number = {2},
	pages = {205--251},
	author = {John Y. Campbell and John H. Cochrane},
	title = {By Force of Habit: A Consumption-Based Explanation of Aggregate Stock Market Behavior},
	journal = {Journal of Political Economy}
}

@article{demirgucc2003law,
  title={Law, endowments, and finance},
  author={Demirg{\"u}{\c{c}}-Kunt, A and Levine, R},
  journal={Journal of Financial Economics},
  volume={70},
  number={2},
  pages={137--181},
  year={2003}
}

@article{Khan_2015,
	doi = {10.1016/j.red.2014.04.002},
	url = {https://doi.org/10.1016%2Fj.red.2014.04.002},
	year = 2015,
	month = {apr},
	publisher = {Elsevier {BV}},
	volume = {18},
	number = {2},
	pages = {243--268},
	author = {Aubhik Khan and Julia K. Thomas},
	title = {Revisiting the tale of two interest rates with endogenous asset market segmentation},
	journal = {Review of Economic Dynamics}
}

@techreport{Aruoba_2014,
	doi = {10.3386/w20263},
	url = {https://doi.org/10.3386%2Fw20263},
	year = 2014,
	month = {jun},
	publisher = {National Bureau of Economic Research},
	author = {S. Bora{\u{g}}an Aruoba and Jes{\'{u}}s Fern{\'{a}}ndez-Villaverde},
	title = {A Comparison of Programming Languages in Economics}
}

@article{Levine_2005,
	doi = {10.1257/089533005774357842},
	url = {https://doi.org/10.1257%2F089533005774357842},
	year = 2005,
	month = {aug},
	publisher = {American Economic Association},
	volume = {19},
	number = {3},
	pages = {61--88},
	author = {Ross Levine},
	title = {Law, Endowments and Property Rights},
	journal = {Journal of Economic Perspectives}
}

@article{Arellano_2019,
	doi = {10.1086/701792},
	url = {https://doi.org/10.1086%2F701792},
	year = 2019,
	month = {oct},
	publisher = {University of Chicago Press},
	volume = {127},
	number = {5},
	pages = {2049--2103},
	author = {Cristina Arellano and Yan Bai and Patrick J. Kehoe},
	title = {Financial Frictions and Fluctuations in Volatility},
	journal = {Journal of Political Economy}
}

@article{Gerhard_Sorger_2002_Journal_of_Economic_Theory,
	doi = {10.1006/jeth.2001.2841},
	url = {https://doi.org/10.1006%2Fjeth.2001.2841},
	year = 2002,
	month = {jul},
	publisher = {Elsevier {BV}},
	volume = {105},
	number = {1},
	pages = {226--243},
	author = {Gerhard Sorger},
	title = {On the Long-Run Distribution of Capital in the Ramsey Model},
	journal = {Journal of Economic Theory}
}

@article{Stolyarov_2002_JPE,
	 title={Turnover of Used Durables in a Stationary Equilibrium: Are Older Goods Traded More?},
	 volume={110},
	 ISSN={1537-534X},
	 url={http://dx.doi.org/10.1086/343745},
	 DOI={10.1086/343745},
	 number={6},
	 journal={Journal of Political Economy},
	 publisher={University of Chicago Press},
	 author={Stolyarov, Dmitriy},
	 year={2002},
	 month={Dec},
	 pages={1390–1413}
}


@article{Vavra_Berger_2015_Econometrica,
	 title={Consumption Dynamics During Recessions},
	 volume={83},
	 ISSN={0012-9682},
	 url={http://dx.doi.org/10.3982/ecta11254},
	 DOI={10.3982/ecta11254},
	 number={1},
	 journal={Econometrica},
	 publisher={The Econometric Society},
	 author={Berger, David and Vavra, Joseph},
	 year={2015},
	 month={Jan},
	 pages={101–154}
}


@article{Richter_1996_,
	doi = {10.1016/0925-5273(95)00143-3},
	url = {https://doi.org/10.1016%2F0925-5273%2895%2900143-3},
	year = 1996,
	month = {aug},
	publisher = {Elsevier {BV}},
	volume = {45},
	number = {1-3},
	pages = {443--447},
	author = {Knut Richter},
	title = {The extended {EOQ} repair and waste disposal model}
}


@article{Dan_Cao_and_Ivan_Werning_2018_Econometrica,
	doi = {10.3982/ecta15112},
	url = {https://doi.org/10.3982%2Fecta15112},
	year = 2018,
	publisher = {The Econometric Society},
	volume = {86},
	number = {3},
	pages = {805--857},
	author = {Dan Cao and Iv{\'{a}}n Werning},
	title = {Saving and Dissaving With Hyperbolic Discounting},
	journal = {Econometrica}
}

@article{Piketty_2003,
	doi = {10.1162/00335530360535135},
	url = {https://doi.org/10.1162%2F00335530360535135},
	year = 2003,
	month = {feb},
	publisher = {Oxford University Press ({OUP})},
	volume = {118},
	number = {1},
	pages = {1--41},
	author = {T. Piketty and E. Saez},
	title = {Income Inequality in the United States, 1913-1998},
	journal = {The Quarterly Journal of Economics}
}

@article{Restuccia_2008,
	doi = {10.1016/j.red.2008.05.002},
	url = {https://doi.org/10.1016%2Fj.red.2008.05.002},
	year = 2008,
	month = {oct},
	publisher = {Elsevier {BV}},
	volume = {11},
	number = {4},
	pages = {707--720},
	author = {Diego Restuccia and Richard Rogerson},
	title = {Policy distortions and aggregate productivity with heterogeneous establishments},
	journal = {Review of Economic Dynamics}
}

@article{Laroque_Grossman_1990_Econometrica,
	 title={Asset Pricing and Optimal Portfolio Choice in the Presence of Illiquid Durable Consumption Goods},
	 volume={58},
	 ISSN={0012-9682},
	 url={http://dx.doi.org/10.2307/2938333},
	 DOI={10.2307/2938333},
	 number={1},
	 journal={Econometrica},
	 publisher={JSTOR},
	 author={Grossman, Sanford J. and Laroque, Guy},
	 year={1990},
	 month={Jan},
	 pages={25}
}


@incollection{hubmer2020sources,
  title={Sources of US wealth inequality: Past, present, and future},
  author={Hubmer, Joachim and Krusell, Per and Smith Jr, Anthony A},
  booktitle={NBER Macroeconomics Annual 2020, volume 35},
  year={2020},
  publisher={University of Chicago Press}
}

@article{Shane_Frederick_and_George_Loewenstein_and_Ted_Odonoghue_2002_Journal_of_Economic_Literature,
	doi = {10.1257/jel.40.2.351},
	url = {https://doi.org/10.1257%2Fjel.40.2.351},
	year = 2002,
	month = {jun},
	publisher = {American Economic Association},
	volume = {40},
	number = {2},
	pages = {351--401},
	author = {Shane Frederick and George Loewenstein and Ted O'donoghue},
	title = {Time Discounting and Time Preference: A Critical Review},
	journal = {Journal of Economic Literature}
}

@article{Christopher_Phelan_and_Ennio_Stacchetti_2001_Econometrica,
	doi = {10.1111/1468-0262.00255},
	url = {https://doi.org/10.1111%2F1468-0262.00255},
	year = 2001,
	month = {nov},
	publisher = {The Econometric Society},
	volume = {69},
	number = {6},
	pages = {1491--1518},
	author = {Christopher Phelan and Ennio Stacchetti},
	title = {Sequential Equilibria in a Ramsey Tax Model},
	journal = {Econometrica}
}

@article{Bulow_1986_QJE,
	doi = {10.2307/1884176},
	url = {https://doi.org/10.2307%2F1884176},
	year = 1986,
	month = {nov},
	publisher = {Oxford University Press ({OUP})},
	volume = {101},
	number = {4},
	pages = {729},
	author = {Jeremy Bulow},
    journal = {The Quarterly Journal of Economics},
	title = {An Economic Theory of Planned Obsolescence}
}


@article{Annette_Alstadsaeter_and_Niels_Johannesen_and_Gabriel_Zucman_2019_American_Economic_Review,
	doi = {10.1257/aer.20172043},
	url = {https://doi.org/10.1257%2Faer.20172043},
	year = 2019,
	month = {jun},
	publisher = {American Economic Association},
	volume = {109},
	number = {6},
	pages = {2073--2103},
	author = {Annette Alstads{\ae}ter and Niels Johannesen and Gabriel Zucman},
	title = {Tax Evasion and Inequality},
	journal = {American Economic Review}
}

@article{Eaton_1984,
	doi = {10.2307/2232213},
	url = {https://doi.org/10.2307%2F2232213},
	year = 1984,
	month = {mar},
	publisher = {Oxford University Press ({OUP})},
	volume = {94},
	number = {373},
	pages = {16},
	author = {Jonathan Eaton and Mark Gersovitz},
	title = {A Theory of Expropriation and Deviations from Perfect Capital Mobility},
	journal = {The Economic Journal}
}

@book{aho1987awk,
  title={The AWK programming language},
  author={Aho, Alfred V and Kernighan, Brian W and Weinberger, Peter J},
  year={1987},
  publisher={Addison-Wesley Longman Publishing Co., Inc.}
}


@article{christiano2010financial,
  title={Financial factors in economic fluctuations},
  author={Christiano, Lawrence J and Motto, Roberto and Rostagno, Massimo},
  year={2010},
  publisher={ECB working paper}
}

@book{acemoglu2005economic,
  title={Economic origins of dictatorship and democracy},
  author={Acemoglu, Daron and Robinson, James A},
  year={2005},
  publisher={Cambridge University Press}
}

@article{Fershtman_2011,
	doi = {10.1111/j.1756-2171.2010.00126.x},
	url = {https://doi.org/10.1111%2Fj.1756-2171.2010.00126.x},
	year = 2011,
	month = {feb},
	publisher = {Wiley},
	volume = {42},
	number = {1},
	pages = {70--91},
	author = {Chaim Fershtman and Neil Gandal},
	title = {Direct and indirect knowledge spillovers: the {\textquotedblleft}social network{\textquotedblright} of open-source projects},
	journal = {The {RAND} Journal of Economics}
}

@article{Jose_Joaquin_Lopez_2017_Journal_of_Macroeconomics,
	doi = {10.1016/j.jmacro.2017.06.005},
	url = {https://doi.org/10.1016%2Fj.jmacro.2017.06.005},
	year = 2017,
	month = {sep},
	publisher = {Elsevier {BV}},
	volume = {53},
	pages = {107--126},
	author = {Jos{\'{e}} Joaqu{\'{\i}}n L{\'{o}}pez},
	title = {A quantitative theory of tax evasion},
	journal = {Journal of Macroeconomics}
}

@article{Nir_Jaimovich_and_Sergio_Rebelo_2009_American_Economic_Review,
	doi = {10.1257/aer.99.4.1097},
	url = {https://doi.org/10.1257%2Faer.99.4.1097},
	year = 2009,
	month = {aug},
	publisher = {American Economic Association},
	volume = {99},
	number = {4},
	pages = {1097--1118},
	author = {Nir Jaimovich and Sergio Rebelo},
	title = {Can News about the Future Drive the Business Cycle?},
	journal = {American Economic Review}
}

@book{judd1998numerical,
  title={Numerical methods in economics},
  author={Judd, Kenneth L and Judd, Kenneth L},
  year={1998},
  publisher={MIT press}
}

@article{Mark_Huggett_1993_Journal_of_Economic_Dynamics_and_Control,
	doi = {10.1016/0165-1889(93)90024-m},
	url = {https://doi.org/10.1016%2F0165-1889%2893%2990024-m},
	year = 1993,
	month = {sep},
	publisher = {Elsevier {BV}},
	volume = {17},
	number = {5-6},
	pages = {953--969},
	author = {Mark Huggett},
	title = {The risk-free rate in heterogeneous-agent incomplete-insurance economies},
	journal = {Journal of Economic Dynamics and Control}
}

@article{Öberg_Harmenberg_2021_JME,
	 title={Consumption dynamics under time-varying unemployment risk},
	 volume={118},
	 ISSN={0304-3932},
	 url={http://dx.doi.org/10.1016/j.jmoneco.2020.10.004},
	 DOI={10.1016/j.jmoneco.2020.10.004},
	 journal={Journal of Monetary Economics},
	 publisher={Elsevier BV},
	 author={Harmenberg, Karl and Öberg, Erik},
	 year={2021},
	 month={Mar},
	 pages={350–365}
}


@book{Plimmer_2018,
	doi = {10.1201/9781315749167},
	url = {https://doi.org/10.1201%2F9781315749167},
	year = 2018,
	month = {sep},
	publisher = {Routledge},
	editor = {Frances Plimmer and William McCluskey},
	title = {Routledge Handbook of Contemporary Issues in Expropriation}
}

@article{Str_mberg_2008,
	doi = {10.1257/aer.98.3.769},
	url = {https://doi.org/10.1257%2Faer.98.3.769},
	year = 2008,
	month = {may},
	publisher = {American Economic Association},
	volume = {98},
	number = {3},
	pages = {769--807},
	author = {David Strömberg},
	title = {How the Electoral College Influences Campaigns and Policy: The Probability of Being Florida},
	journal = {American Economic Review}
}

@article{Dadasov_Lorz_2013_RIE,
	doi = {10.1111/roie.12083},
	url = {https://doi.org/10.1111%2Froie.12083},
	year = 2013,
	month = {oct},
	publisher = {Wiley},
	volume = {21},
	number = {5},
	pages = {974--983},
	author = {Ramin Dadasov and Oliver Lorz},
	title = {Mode of International Investment and Endogenous Risk of Expropriation},
	journal = {Review of International Economics}
}

@article{Bachmann_Bai_2013_QE,
	doi = {10.3982/qe250},
	url = {https://doi.org/10.3982%2Fqe250},
	year = 2013,
	month = {nov},
	publisher = {The Econometric Society},
	volume = {4},
	number = {3},
	pages = {417--451},
	author = {Rüdiger Bachmann and Jinhui H. Bai},
	title = {Public consumption over the business cycle},
	journal = {Quantitative Economics}
}

@article{Shigeru_Fujita_and_Giuseppe_Moscarini_2017_American_Economic_Review,
	doi = {10.1257/aer.20131496},
	url = {https://doi.org/10.1257%2Faer.20131496},
	year = 2017,
	month = {dec},
	publisher = {American Economic Association},
	volume = {107},
	number = {12},
	pages = {3875--3916},
	author = {Shigeru Fujita and Giuseppe Moscarini},
	title = {Recall and Unemployment},
	journal = {American Economic Review}
}

@article{Adelman_Gocker_2007_SC,
	doi = {10.1111/j.1751-9020.2007.00018.x},
	url = {https://doi.org/10.1111%2Fj.1751-9020.2007.00018.x},
	year = 2007,
	month = {aug},
	publisher = {Wiley},
	volume = {1},
	number = {1},
	pages = {404--423},
	author = {Robert M. Adelman and James Clarke Gocker},
	title = {Racial Residential Segregation in Urban America},
	journal = {Sociology Compass}
}

@article{Asiedu_2009,
	doi = {10.1016/j.jinteco.2009.03.004},
	url = {https://doi.org/10.1016%2Fj.jinteco.2009.03.004},
	year = 2009,
	month = {jul},
	publisher = {Elsevier {BV}},
	volume = {78},
	number = {2},
	pages = {268--275},
	author = {Elizabeth Asiedu and Yi Jin and Boaz Nandwa},
	title = {Does foreign aid mitigate the adverse effect of expropriation risk on foreign direct investment?},
	journal = {Journal of International Economics}
}

@article{Borges_2018,
	doi = {10.1016/j.jss.2018.09.016},
	url = {https://doi.org/10.1016%2Fj.jss.2018.09.016},
	year = 2018,
	month = {dec},
	publisher = {Elsevier {BV}},
	volume = {146},
	pages = {112--129},
	author = {Hudson Borges and Marco Tulio Valente},
	title = {What's in a {GitHub} Star? Understanding Repository Starring Practices in a Social Coding Platform},
	journal = {Journal of Systems and Software}
}

@article{Mahajan_1990,
	doi = {10.2307/3665612},
	url = {https://doi.org/10.2307%2F3665612},
	year = 1990,
	publisher = {Wiley},
	volume = {19},
	number = {4},
	pages = {77},
	author = {Arvind Mahajan},
	title = {Pricing Expropriation Risk},
	journal = {Financial Management}
}

@article{Hero_Ashman_and_Seth_Neumuller_2020_Review_of_Economic_Dynamics,
	doi = {10.1016/j.red.2019.06.004},
	url = {https://doi.org/10.1016%2Fj.red.2019.06.004},
	year = 2020,
	month = {jan},
	publisher = {Elsevier {BV}},
	volume = {35},
	pages = {220--239},
	author = {Hero Ashman and Seth Neumuller},
	title = {Can income differences explain the racial wealth gap? A quantitative analysis},
	journal = {Review of Economic Dynamics}
}

@article{Mark_Aguiar_and_Manuel_Amador_and_Gita_Gopinath_2009_American_Economic_Review,
	doi = {10.1257/aer.99.2.473},
	url = {https://doi.org/10.1257%2Faer.99.2.473},
	year = 2009,
	month = {apr},
	publisher = {American Economic Association},
	volume = {99},
	number = {2},
	pages = {473--479},
	author = {Mark Aguiar and Manuel Amador and Gita Gopinath},
	title = {Expropriation Dynamics},
	journal = {American Economic Review}
}

@article{Holmstrom_1991,
	doi = {10.1093/jleo/7.special_issue.24},
	url = {https://doi.org/10.1093%2Fjleo%2F7.special_issue.24},
	year = 1991,
	month = {jan},
	publisher = {Oxford University Press ({OUP})},
	volume = {7},
	number = {special},
	pages = {24--52},
	author = {B. Holmstrom and P. Milgrom},
	title = {Multitask Principal-Agent Analyses: Incentive Contracts, Asset Ownership, and Job Design},
	journal = {Journal of Law, Economics, and Organization}
}

@article{Yared_2019,
	doi = {10.1257/jep.33.2.115},
	url = {https://doi.org/10.1257%2Fjep.33.2.115},
	year = 2019,
	month = {may},
	publisher = {American Economic Association},
	volume = {33},
	number = {2},
	pages = {115--140},
	author = {Pierre Yared},
	title = {Rising Government Debt: Causes and Solutions for a Decades-Old Trend},
	journal = {Journal of Economic Perspectives}
}

@article{khan2003optimal,
  title={Optimal monetary policy},
  author={Khan, Aubhik and King, Robert G and Wolman, Alexander L},
  journal={The Review of Economic Studies},
  volume={70},
  number={4},
  pages={825--860},
  year={2003},
  publisher={Wiley-Blackwell}
}

@article{Waldman_1993_QJE,
	doi = {10.2307/2118504},
	url = {https://doi.org/10.2307%2F2118504},
	year = 1993,
	month = {feb},
	publisher = {Oxford University Press ({OUP})},
	volume = {108},
	number = {1},
	pages = {273--283},
	author = {M. Waldman},
    journal = {The Quarterly Journal of Economics},
	title = {A New Perspective on Planned Obsolescence}
}


@book{Brain_2019,
	doi = {10.1016/c2018-0-02192-1},
	url = {https://doi.org/10.1016%2Fc2018-0-02192-1},
	year = 2019,
	publisher = {Elsevier},
	author = {Brian D. Hahn and Daniel T Valentine},
	title = {Essential {MATLAB} for Engineers and Scientists}
}

@article{Martin_Gruber_2003_IFDP,
	 title={Precautionary Savings and the Wealth Distribution with Illiquid Durables},
	 volume={2003},
	 ISSN={1073-2500},
	 url={http://dx.doi.org/10.17016/ifdp.2003.773},
	 DOI={10.17016/ifdp.2003.773},
	 number={773},
	 journal={International Finance Discussion Paper},
	 publisher={Board of Governors of the Federal Reserve System},
	 author={Gruber, Joseph W. and Martin, Robert F.},
	 year={2003},
	 month={Sep},
	 pages={1–47}
}


@article{Baxter_Kouparitsas_2005_JME,
	doi = {10.1016/j.jmoneco.2004.08.002},
	url = {https://doi.org/10.1016%2Fj.jmoneco.2004.08.002},
	year = 2005,
	month = {jan},
	publisher = {Elsevier {BV}},
	volume = {52},
	number = {1},
	pages = {113--157},
	author = {Marianne Baxter and Michael A. Kouparitsas},
	title = {Determinants of business cycle comovement: a robust analysis},
	journal = {Journal of Monetary Economics}
}

@article{wu2016china,
  title={The China, Inc. challenge to global trade governance},
  author={Wu, Mark},
  journal={Harv. Int'l LJ},
  volume={57},
  pages={261},
  year={2016},
  publisher={HeinOnline}
}

@article{demirgucc2005law,
  title={Law and firms’ access to finance},
  author={Demirg{\"u}{\c{c}}-Kunt, Thorsten Beck Asli and Levine, Ross},
  journal={American Law and Economics Review},
  volume={7},
  number={1},
  pages={211--252},
  year={2005},
  publisher={Oxford University Press}
}

@article{Khan_2013,
	doi = {10.1086/674142},
	url = {https://doi.org/10.1086%2F674142},
	year = 2013,
	month = {dec},
	publisher = {University of Chicago Press},
	volume = {121},
	number = {6},
	pages = {1055--1107},
	author = {Aubhik Khan and Julia K. Thomas},
	title = {Credit Shocks and Aggregate Fluctuations in an Economy with Production Heterogeneity},
	journal = {Journal of Political Economy}
}

@article{Azzimonti_2011,
	doi = {10.1257/aer.101.5.2182},
	url = {https://doi.org/10.1257%2Faer.101.5.2182},
	year = 2011,
	month = {aug},
	publisher = {American Economic Association},
	volume = {101},
	number = {5},
	pages = {2182--2204},
	author = {Marina Azzimonti},
	title = {Barriers to Investment in Polarized Societies},
	journal = {American Economic Review}
}

@article{Gabaix_2011,
	doi = {10.3982/ecta8769},
	url = {https://doi.org/10.3982%2Fecta8769},
	year = 2011,
	publisher = {The Econometric Society},
	volume = {79},
	number = {3},
	pages = {733--772},
	author={Gabaix, Xavier},
	title = {The Granular Origins of Aggregate Fluctuations},
	journal = {Econometrica}
}

@techreport{Abel_1990,
	doi = {10.3386/w3279},
	url = {https://doi.org/10.3386%2Fw3279},
	year = 1990,
	month = {mar},
	publisher = {National Bureau of Economic Research},
	author = {Andrew Abel},
	title = {Asset Prices under Habit Formation and Catching up with the Joneses}
}


@article{Thomas_2002,
	doi = {10.1086/339746},
	url = {https://doi.org/10.1086%2F339746},
	year = 2002,
	month = {jun},
	publisher = {University of Chicago Press},
	volume = {110},
	number = {3},
	pages = {508--534},
	author = {Julia~K. Thomas},
	title = {Is Lumpy Investment Relevant for the Business Cycle?},
	journal = {Journal of Political Economy}
}

@book{press1992numerical,
  title={Numerical recipes in Fortran 77: volume 1, volume 1 of Fortran numerical recipes: the art of scientific computing},
  author={Press, William H and Teukolsky, Saul A and Flannery, Brian P and Vetterling, William T},
  year={1992},
  publisher={Cambridge university press}
}

@article{Asiedu_2001,
	doi = {10.1162/003465301753237731},
	url = {https://doi.org/10.1162%2F003465301753237731},
	year = 2001,
	month = {nov},
	publisher = {{MIT} Press - Journals},
	volume = {83},
	number = {4},
	pages = {647--662},
	author = {Elizabeth Asiedu and Hadi Salehi Esfahani},
	title = {Ownership Structure in Foreign Direct Investment Projects},
	journal = {Review of Economics and Statistics}
}

@article{Bansal_2004,
	doi = {10.1111/j.1540-6261.2004.00670.x},
	url = {https://doi.org/10.1111%2Fj.1540-6261.2004.00670.x},
	year = 2004,
	month = {aug},
	publisher = {Wiley},
	volume = {59},
	number = {4},
	pages = {1481--1509},
	author = {Ravi Bansal and Amir Yaron},
	title = {Risks for the Long Run: A Potential Resolution of Asset Pricing Puzzles},
	journal = {The Journal of Finance}
}

@article{Haan_2010_JEDC,
	doi = {10.1016/j.jedc.2008.12.009},
	url = {https://doi.org/10.1016%2Fj.jedc.2008.12.009},
	year = 2010,
	month = {jan},
	publisher = {Elsevier {BV}},
	volume = {34},
	number = {1},
	pages = {79--99},
	author = {Wouter J. Den Haan},
	title = {Assessing the accuracy of the aggregate law of motion in models with heterogeneous agents},
	journal = {Journal of Economic Dynamics and Control}
}

@article{hayashi2000econometrics,
  title={Econometrics},
  author={Hayashi, Fumio},
  year={2000},
  publisher={Princeton}
}

@article{Lucas_1978,
	doi = {10.2307/1913837},
	url = {https://doi.org/10.2307%2F1913837},
	year = 1978,
	month = {nov},
	publisher = {{JSTOR}},
	volume = {46},
	number = {6},
	pages = {1429},
	author = {Robert E. Lucas},
	title = {Asset Prices in an Exchange Economy},
	journal = {Econometrica}
}

@book{loan1999introduction,
  title={Introduction to scientific computing: a matrix-vector approach using MATLAB},
  author={Loan, Charles F Van},
  year={1999},
  publisher={Prentice Hall PTR}
}

@article{George-Marios_Angeletos_and_David_Laibson_and_Andrea_Repetto_and_Jeremy_Tobacman_and_Stephen_Weinberg_2001_Journal_of_Economic_Perspectives,
	doi = {10.1257/jep.15.3.47},
	url = {https://doi.org/10.1257%2Fjep.15.3.47},
	year = 2001,
	month = {aug},
	publisher = {American Economic Association},
	volume = {15},
	number = {3},
	pages = {47--68},
	author = {George-Marios Angeletos and David Laibson and Andrea Repetto and Jeremy Tobacman and Stephen Weinberg},
	title = {The Hyperbolic Consumption Model: Calibration, Simulation, and Empirical Evaluation},
	journal = {Journal of Economic Perspectives}
}

@article{Dom_nguez_2007,
	doi = {10.1016/j.jet.2006.02.011},
	url = {https://doi.org/10.1016%2Fj.jet.2006.02.011},
	year = 2007,
	month = {jul},
	publisher = {Elsevier {BV}},
	volume = {135},
	number = {1},
	pages = {159--170},
	author = {Bego{\~{n}}a Dom{\'{\i}}nguez},
	title = {Public debt and optimal taxes without commitment},
	journal = {Journal of Economic Theory}
}

@article{Paolo_Martellini_and_Guido_Menzio_2020_Journal_of_Political_Economy,
	doi = {10.1086/710975},
	url = {https://doi.org/10.1086%2F710975},
	year = 2020,
	month = {dec},
	publisher = {University of Chicago Press},
	volume = {128},
	number = {12},
	pages = {4387--4437},
	author = {Paolo Martellini and Guido Menzio},
	title = {Declining Search Frictions, Unemployment, and Growth},
	journal = {Journal of Political Economy}
}

@book{ljungqvist2018recursive,
  title={Recursive macroeconomic theory},
  author={Ljungqvist, Lars and Sargent, Thomas J},
  year={2018},
  publisher={MIT press}
}

@article{Antr_s_2017,
	doi = {10.1016/j.jinteco.2017.07.009},
	url = {https://doi.org/10.1016%2Fj.jinteco.2017.07.009},
	year = 2017,
	month = {sep},
	publisher = {Elsevier {BV}},
	volume = {108},
	pages = {387--412},
	author = {Pol Antr{\`{a}}s and Alonso de Gortari and Oleg Itskhoki},
	title = {Globalization, inequality and welfare},
	journal = {Journal of International Economics}
}

@article{Hajzler_2014,
	doi = {10.1016/j.jinteco.2013.10.004},
	url = {https://doi.org/10.1016%2Fj.jinteco.2013.10.004},
	year = 2014,
	month = {jan},
	publisher = {Elsevier {BV}},
	volume = {92},
	number = {1},
	pages = {124--146},
	author = {Christopher Hajzler},
	title = {Resource-based {FDI} and expropriation in developing economies},
	journal = {Journal of International Economics}
}

@article{Reinhart_2011,
	doi = {10.1257/aer.101.5.1676},
	url = {https://doi.org/10.1257%2Faer.101.5.1676},
	year = 2011,
	month = {aug},
	publisher = {American Economic Association},
	volume = {101},
	number = {5},
	pages = {1676--1706},
	author = {Carmen M Reinhart and Kenneth S Rogoff},
	title = {From Financial Crash to Debt Crisis},
	journal = {American Economic Review}
}

@article{acemoglu2010introduction,
  title={Introduction to modern economic growth},
  author={Acemoglu, Daron},
  journal={Privredna kretanja i ekonomska politika},
  volume={123},
  pages={89},
  year={2010}
}

@article{Giri_Yi_Yilmazkuday_2021_JIE,
	doi = {10.1016/j.jinteco.2021.103429},
	url = {https://doi.org/10.1016%2Fj.jinteco.2021.103429},
	year = 2021,
	month = {mar},
	publisher = {Elsevier {BV}},
	volume = {129},
	pages = {103429},
	author = {Rahul Giri and Kei-Mu Yi and Hakan Yilmazkuday},
	title = {Gains from trade: Does sectoral heterogeneity matter?},
	journal = {Journal of International Economics}
}

@article{Acemoglu_2010,
	doi = {10.1257/mac.2.1.1},
	url = {https://doi.org/10.1257%2Fmac.2.1.1},
	year = 2010,
	month = {jan},
	publisher = {American Economic Association},
	volume = {2},
	number = {1},
	pages = {1--42},
	author = {Daron Acemoglu and Davide Ticchi and Andrea Vindigni},
	title = {A Theory of Military Dictatorships},
	journal = {American Economic Journal: Macroeconomics}
}

@book{Machiko_Antonio_2019_Book,
  title={The Palgrave Handbook of Development Economics},
  author={Nissanke, Machiko and Ocampo, Jos{\'e} Antonio},
  year={2019},
  publisher={Springer}
}

@article{SRao_Aiyagari_and_Albert_Marcet_and_ThomasJ_Sargent_and_Juha_Seppälä_2002_Journal_of_Political_Economy,
	doi = {10.1086/343744},
	url = {https://doi.org/10.1086%2F343744},
	year = 2002,
	month = {dec},
	publisher = {University of Chicago Press},
	volume = {110},
	number = {6},
	pages = {1220--1254},
	author = {S.~Rao Aiyagari and Albert Marcet and Thomas~J. Sargent and Juha Seppälä},
	title = {Optimal Taxation without State-Contingent Debt},
	journal = {Journal of Political Economy}
}

@article{Kenneth_L_Judd_1985_Journal_of_Public_Economics,
	doi = {10.1016/0047-2727(85)90020-9},
	url = {https://doi.org/10.1016%2F0047-2727%2885%2990020-9},
	year = 1985,
	month = {oct},
	publisher = {Elsevier {BV}},
	volume = {28},
	number = {1},
	pages = {59--83},
	author = {Kenneth L. Judd},
	title = {Redistributive taxation in a simple perfect foresight model},
	journal = {Journal of Public Economics}
}

@article{Chen_Guo_2014_JM,
	doi = {10.1016/j.jmacro.2014.08.002},
	url = {https://doi.org/10.1016%2Fj.jmacro.2014.08.002},
	year = 2014,
	month = {dec},
	publisher = {Elsevier {BV}},
	volume = {42},
	pages = {174--183},
	author = {Shu-Hua Chen and Jang-Ting Guo},
	title = {Progressive taxation and macroeconomic (in)stability with utility-generating government spending},
	journal = {Journal of Macroeconomics}
}


@article{Acemoglu_2011,
	doi = {10.1016/j.jet.2010.11.002},
	url = {https://doi.org/10.1016%2Fj.jet.2010.11.002},
	year = 2011,
	month = {may},
	publisher = {Elsevier {BV}},
	volume = {146},
	number = {3},
	pages = {1009--1041},
	author = {Daron Acemoglu and Mikhail Golosov and Aleh Tsyvinski},
	title = {Power fluctuations and political economy},
	journal = {Journal of Economic Theory}
}

@article{Mark_Aguiar_and_Manuel_Amador_and_Gita_Gopinath_GOPINATH_2009_Review_of_Economic_Studies,
	doi = {10.1111/j.1467-937x.2008.00523.x},
	url = {https://doi.org/10.1111%2Fj.1467-937x.2008.00523.x},
	year = 2009,
	month = {jan},
	publisher = {Oxford University Press ({OUP})},
	volume = {76},
	number = {1},
	pages = {1--31},
	author = {Mark Aguiar and Manuel Amador and Gita Gopinath},
	title = {Investment Cycles and Sovereign Debt Overhang},
	journal = {Review of Economic Studies}
}

@article{Nash_1951,
	doi = {10.2307/1969529},
	url = {https://doi.org/10.2307%2F1969529},
	year = 1951,
	month = {sep},
	publisher = {{JSTOR}},
	volume = {54},
	number = {2},
	pages = {286},
	author = {John Nash},
	title = {Non-Cooperative Games},
	journal = {The Annals of Mathematics}
}

@article{Khan_2008,
	doi = {10.1111/j.1468-0262.2008.00837.x},
	url = {https://doi.org/10.1111%2Fj.1468-0262.2008.00837.x},
	year = 2008,
	month = {mar},
	publisher = {The Econometric Society},
	volume = {76},
	number = {2},
	pages = {395--436},
	author = {Aubhik Khan and Julia K. Thomas},
	title = {Idiosyncratic Shocks and the Role of Nonconvexities in Plant and Aggregate Investment Dynamics},
	journal = {Econometrica}
}

@article{King_1988,
	doi = {10.1016/0304-3932(88)90034-7},
	url = {https://doi.org/10.1016%2F0304-3932%2888%2990034-7},
	year = 1988,
	month = {mar},
	publisher = {Elsevier {BV}},
	volume = {21},
	number = {2-3},
	pages = {309--341},
	author = {Robert G. King and Charles I. Plosser and Sergio T. Rebelo},
	title = {Production, growth and business cycles},
	journal = {Journal of Monetary Economics}
}

@article{Timo_Boppart_and_Per_Krusell_and_Kurt_Mitman_2018_Journal_of_Economic_Dynamics_and_Control,
	doi = {10.1016/j.jedc.2018.01.002},
	url = {https://doi.org/10.1016%2Fj.jedc.2018.01.002},
	year = 2018,
	month = {apr},
	publisher = {Elsevier {BV}},
	volume = {89},
	pages = {68--92},
	author = {Timo Boppart and Per Krusell and Kurt Mitman},
	title = {Exploiting {MIT} shocks in heterogeneous-agent economies: the impulse response as a numerical derivative},
	journal = {Journal of Economic Dynamics and Control}
}

@article{Miao_2010_EER,
	 title={Consumer myopia, standardization and aftermarket monopolization},
	 volume={54},
	 ISSN={0014-2921},
	 url={http://dx.doi.org/10.1016/j.euroecorev.2010.02.004},
	 DOI={10.1016/j.euroecorev.2010.02.004},
	 number={7},
	 journal={European Economic Review},
	 publisher={Elsevier BV},
	 author={Miao, Chun-Hui},
	 year={2010},
	 month={Oct},
	 pages={931–946}
}


@article{Miao_2010,
	doi = {10.2139/ssrn.1707129},
	url = {https://doi.org/10.2139%2Fssrn.1707129},
	year = 2010,
	publisher = {Elsevier {BV}},
	author = {Jianjun Miao and Pengfei Wang},
	title = {Credit Risk and Business Cycles},
	journal = {{SSRN} Electronic Journal}
}

@article{laban1993large,
  title={Large-scale privatization in transition economies},
  author={Laban, Raul and Wolf, Holger C},
  journal={The American Economic Review},
  pages={1199--1210},
  year={1993},
  publisher={JSTOR}
}

@book{dougherty1987unix,
  title={UNIX text processing},
  author={Dougherty, Dale and O'Reilly, Tim O},
  year={1987},
  publisher={Hayden}
}

@article{Drazen_Prelec_2004_Scandinavian_Journal_of_Economics,
	doi = {10.1111/j.0347-0520.2004.00375.x},
	url = {https://doi.org/10.1111%2Fj.0347-0520.2004.00375.x},
	year = 2004,
	month = {oct},
	publisher = {Wiley},
	volume = {106},
	number = {3},
	pages = {511--532},
	author = {Drazen Prelec},
	title = {Decreasing Impatience: A Criterion for Non-stationary Time Preference and {\textquotedblleft}Hyperbolic{\textquotedblright} Discounting},
	journal = {Scandinavian Journal of Economics}
}

@article{Unger_Eeckhout_De_Loecker_2020_TQJE,
	 title={The Rise of Market Power and the Macroeconomic Implications*},
	 volume={135},
	 ISSN={1531-4650},
	 url={http://dx.doi.org/10.1093/qje/qjz041},
	 DOI={10.1093/qje/qjz041},
	 number={2},
	 journal={The Quarterly Journal of Economics},
	 publisher={Oxford University Press (OUP)},
	 author={De Loecker, Jan and Eeckhout, Jan and Unger, Gabriel},
	 year={2020},
	 month={Jan},
	 pages={561–644}
}


@article{Coase_1972_TJLE,
	 title={Durability and Monopoly},
	 volume={15},
	 ISSN={1537-5285},
	 url={http://dx.doi.org/10.1086/466731},
	 DOI={10.1086/466731},
	 number={1},
	 journal={The Journal of Law and Economics},
	 publisher={University of Chicago Press},
	 author={Coase, R. H.},
	 year={1972},
	 month={Apr},
	 pages={143–149}
}


@book{Schumpeter_2010,
	doi = {10.4324/9780203857090},
	url = {https://doi.org/10.4324%2F9780203857090},
	year = 2010,
	month = {apr},
	publisher = {Routledge},
	author = {Joseph A. Schumpeter},
	title = {Capitalism, Socialism and Democracy}
}

@article{Georgy_Egorov_and_Konstantin_Sonin_2020_SSRN_Electronic_Journal,
	doi = {10.2139/ssrn.3706331},
	url = {https://doi.org/10.2139%2Fssrn.3706331},
	year = 2020,
	publisher = {Elsevier {BV}},
	author = {Georgy Egorov and Konstantin Sonin},
	title = {The Political Economics of Non-democracy},
	journal = {{SSRN} Electronic Journal}
}

@article{Mark_Aguiar_and_Manuel_Amador_2016_Journal_of_Economic_Theory,
	doi = {10.1016/j.jet.2015.11.002},
	url = {https://doi.org/10.1016%2Fj.jet.2015.11.002},
	year = 2016,
	month = {jan},
	publisher = {Elsevier {BV}},
	volume = {161},
	pages = {37--75},
	author = {Mark Aguiar and Manuel Amador},
	title = {Fiscal policy in debt constrained economies},
	journal = {Journal of Economic Theory}
}

@article{beck2003law,
  title={Law, endowments, and finance},
  author={Beck, Thorsten and Demirg{\"u}{\c{c}}-Kunt, Asli and Levine, Ross},
  journal={Journal of financial Economics},
  volume={70},
  number={2},
  pages={137--181},
  year={2003},
  publisher={Elsevier}
}

@article{Halac_2014,
	doi = {10.3982/ecta11207},
	url = {https://doi.org/10.3982%2Fecta11207},
	year = 2014,
	publisher = {The Econometric Society},
	volume = {82},
	number = {5},
	pages = {1557--1614},
	author = {Marina Halac and Pierre Yared},
	title = {Fiscal Rules and Discretion Under Persistent Shocks},
	journal = {Econometrica}
}

@article{Clark_Wincoop_2001_JIE,
	doi = {10.1016/s0022-1996(01)00095-2},
	url = {https://doi.org/10.1016%2Fs0022-1996%2801%2900095-2},
	year = 2001,
	month = {oct},
	publisher = {Elsevier {BV}},
	volume = {55},
	number = {1},
	pages = {59--85},
	author = {Todd E. Clark and Eric van Wincoop},
	title = {Borders and business cycles},
	journal = {Journal of International Economics}
}

@article{Regis_Barnichon_and_Yanos_Zylberberg_2019_American_Economic_Journal_Macroeconomics,
	doi = {10.1257/mac.20160220},
	url = {https://doi.org/10.1257%2Fmac.20160220},
	year = 2019,
	month = {apr},
	publisher = {American Economic Association},
	volume = {11},
	number = {2},
	pages = {40--78},
	author = {Regis Barnichon and Yanos Zylberberg},
	title = {Underemployment and the Trickle-Down of Unemployment},
	journal = {American Economic Journal: Macroeconomics}
}

@article{Kaymak_Poschke_2016_JME,
	doi = {10.1016/j.jmoneco.2015.10.004},
	url = {https://doi.org/10.1016%2Fj.jmoneco.2015.10.004},
	year = 2016,
	month = {feb},
	publisher = {Elsevier {BV}},
	volume = {77},
	pages = {1--25},
	author = {Bar{\i}{\c{s}} Kaymak and Markus Poschke},
	title = {The evolution of wealth inequality over half a century: The role of taxes, transfers and technology},
	journal = {Journal of Monetary Economics}
}


@article{Lorenzoni_Guerrieri_2017_TQJE,
	 title={Credit Crises, Precautionary Savings, and the Liquidity Trap*},
	 volume={132},
	 ISSN={1531-4650},
	 url={http://dx.doi.org/10.1093/qje/qjx005},
	 DOI={10.1093/qje/qjx005},
	 number={3},
	 journal={The Quarterly Journal of Economics},
	 publisher={Oxford University Press (OUP)},
	 author={Guerrieri, Veronica and Lorenzoni, Guido},
	 year={2017},
	 month={Mar},
	 pages={1427–1467}
}


@article{Schmidt_2000,
	doi = {10.1016/s0014-2921(98)00080-4},
	url = {https://doi.org/10.1016%2Fs0014-2921%2898%2900080-4},
	year = 2000,
	month = {feb},
	publisher = {Elsevier {BV}},
	volume = {44},
	number = {2},
	pages = {393--421},
	author = {Klaus M. Schmidt},
	title = {The political economy of mass privatization and the risk of expropriation},
	journal = {European Economic Review}
}

@article{golosov2006new,
  title={New Dynamic Public Finance: A User's Guide},
  author={Golosov, Mikhail and Tsyvinski, Aleh and Werning, Ivan and Diamond, Peter and Judd, Kenneth L},
  journal={NBER macroeconomics annual},
  volume={21},
  pages={317--387},
  year={2006},
  publisher={MIT Press}
}

@techreport{ottonello2018financial,
  title={Financial heterogeneity and the investment channel of monetary policy},
  author={Ottonello, Pablo and Winberry, Thomas},
  year={2018},
  institution={National Bureau of Economic Research}
}

@article{Veronica_Guerrieri_and_Guido_Lorenzoni_2017_The_Quarterly_Journal_of_Economics,
	doi = {10.1093/qje/qjx005},
	url = {https://doi.org/10.1093%2Fqje%2Fqjx005},
	year = 2017,
	month = {mar},
	publisher = {Oxford University Press ({OUP})},
	volume = {132},
	number = {3},
	pages = {1427--1467},
	author = {Veronica Guerrieri and Guido Lorenzoni},
	title = {Credit Crises, Precautionary Savings, and the Liquidity Trap{\ast}},
	journal = {The Quarterly Journal of Economics}
}

@article{Iizuka_2007_JEMS,
	doi = {10.1111/j.1530-9134.2007.00137.x},
	url = {https://doi.org/10.1111%2Fj.1530-9134.2007.00137.x},
	year = 2007,
	month = {mar},
	publisher = {Wiley},
	volume = {16},
	number = {1},
	author = {Toshiaki Iizuka},
    journal = {Journal of Economics & Management Strategy},
	title = {An Empirical Analysis of Planned Obsolescence}
}


@misc{Vaheesan_Kelloway_Hanley_2020_,
  title={Fixing America: Breaking manufacturers' aftermarket monopoly and restoring consumers' right to repair},
  author={Hanley, DANIEL A and Kelloway, CLAIRE and Vaheesan, SANDEEP},
  year={2020},
  publisher={Washington, DC: Open Markets Institute. https://www. openmarketsinstitute~…}
}


@techreport{YiLi_Chien_and_Yi_Wen_2019,
	doi = {10.20955/wp.2019.007},
	url = {https://doi.org/10.20955%2Fwp.2019.007},
	year = 2019,
	publisher = {Federal Reserve Bank of St. Louis},
	author = {YiLi Chien and Yi Wen},
	title = {Optimal Ramsey Taxation in Heterogeneous Agent Economies with Quasi-Linear Preferences}
}

@article{Acemoglu_2008,
	doi = {10.1111/j.1468-0262.2008.00849.x},
	url = {https://doi.org/10.1111%2Fj.1468-0262.2008.00849.x},
	year = 2008,
	month = {may},
	publisher = {The Econometric Society},
	volume = {76},
	number = {3},
	pages = {619--641},
	author = {Daron Acemoglu and Michael Golosov and Aleh Tsyvinski},
	title = {Political Economy of Mechanisms},
	journal = {Econometrica}
}

@book{Stephen_A_Stephen_2001_Book,
  title={The economics of football},
  author={Dobson, Stephen and Goddard, John A and Dobson, Stephen},
  volume={10},
  year={2001},
  publisher={Cambridge University Press Cambridge}
}

@article{Azzimonti_2014,
	doi = {10.1016/j.jmoneco.2014.07.001},
	url = {https://doi.org/10.1016%2Fj.jmoneco.2014.07.001},
	year = 2014,
	month = {oct},
	publisher = {Elsevier {BV}},
	volume = {67},
	pages = {47--61},
	author = {Marina Azzimonti and Matthew Talbert},
	title = {Polarized business cycles},
	journal = {Journal of Monetary Economics}
}

@article{T_J_Kehoe_and_D_K_Levine_1993_The_Review_of_Economic_Studies,
	doi = {10.2307/2298103},
	url = {https://doi.org/10.2307%2F2298103},
	year = 1993,
	month = {oct},
	publisher = {Oxford University Press ({OUP})},
	volume = {60},
	number = {4},
	pages = {865--888},
	author = {T. J. Kehoe and D. K. Levine},
	title = {Debt-Constrained Asset Markets},
	journal = {The Review of Economic Studies}
}

@article{seebach2008beginning,
  title={Beginning Portable Shell Scripting},
  author={Seebach, Peter},
  journal={New York},
  year={2008}
}

@article{kiyotaki1993search,
  title={A search-theoretic approach to monetary economics},
  author={Kiyotaki, Nobuhiro and Wright, Randall},
  journal={The American Economic Review},
  pages={63--77},
  year={1993},
  publisher={JSTOR}
}

@article{Frenkel_Razin_1986_JPE,
	doi = {10.1086/261390},
	url = {https://doi.org/10.1086%2F261390},
	year = 1986,
	month = {jun},
	publisher = {University of Chicago Press},
	volume = {94},
	number = {3, Part 1},
	pages = {564--594},
	author = {Jacob A. Frenkel and Assaf Razin},
	title = {Fiscal Policies in the World Economy},
	journal = {Journal of Political Economy}
}

@article{Per_Krusell_and_Burhanettin_Kurucsccu_and_Anthony_A_Smith_2002_Journal_of_Economic_Theory,
	doi = {10.1006/jeth.2001.2888},
	url = {https://doi.org/10.1006%2Fjeth.2001.2888},
	year = 2002,
	month = {jul},
	publisher = {Elsevier {BV}},
	volume = {105},
	number = {1},
	pages = {42--72},
	author = {Per Krusell and Burhanettin Kuru{\c{s}}{\c{c}}u and Anthony A. Smith},
	title = {Equilibrium Welfare and Government Policy with Quasi-geometric Discounting},
	journal = {Journal of Economic Theory}
}

@article{McCollough_Qiu_2021_,
	doi = {10.1111/ecaf.12477},
	url = {https://doi.org/10.1111%2Fecaf.12477},
	year = 2021,
	month = {jun},
	publisher = {Wiley},
	volume = {41},
	number = {2},
	pages = {284--298},
	author = {John McCollough and Ailian Qiu},
	title = {Rising repair costs and the throwaway society}
}


@article{Golosov_Hassler_Krusell_Tsyvinski_2014_Econometrica,
	author = {Golosov, Mikhail and Hassler, John and Krusell, Per and Tsyvinski, Aleh},
	title = {Optimal Taxes on Fossil Fuel in General Equilibrium},
	journal = {Econometrica},
	volume = {82},
	number = {1},
	pages = {41-88},
	keywords = {Climate change, optimal policy, optimal taxes},
	doi = {https://doi.org/10.3982/ECTA10217},
	url = {https://onlinelibrary.wiley.com/doi/abs/10.3982/ECTA10217},
	eprint = {https://onlinelibrary.wiley.com/doi/pdf/10.3982/ECTA10217},
	abstract = {We analyze a dynamic stochastic general-equilibrium (DSGE) model with an externality—through climate change—from using fossil energy. Our central result is a simple formula for the marginal externality damage of emissions (or, equivalently, for the optimal carbon tax). This formula, which holds under quite plausible assumptions, reveals that the damage is proportional to current GDP, with the proportion depending only on three factors: (i) discounting, (ii) the expected damage elasticity (how many percent of the output flow is lost from an extra unit of carbon in the atmosphere), and (iii) the structure of carbon depreciation in the atmosphere. Thus, the stochastic values of future output, consumption, and the atmospheric CO2 concentration, as well as the paths of technology (whether endogenous or exogenous) and population, and so on, all disappear from the formula. We find that the optimal tax should be a bit higher than the median, or most well-known, estimates in the literature. We also formulate a parsimonious yet comprehensive and easily solved model allowing us to compute the optimal and market paths for the use of different sources of energy and the corresponding climate change. We find coal—rather than oil—to be the main threat to economic welfare, largely due to its abundance. We also find that the costs of inaction are particularly sensitive to the assumptions regarding the substitutability of different energy sources and technological progress.},
	year = {2014}
}

@article{Benhabib_1997,
	doi = {10.1006/jeth.1997.2334},
	url = {https://doi.org/10.1006%2Fjeth.1997.2334},
	year = 1997,
	month = {dec},
	publisher = {Elsevier {BV}},
	volume = {77},
	number = {2},
	pages = {231--259},
	author = {Jess Benhabib and Aldo Rustichini},
	title = {Optimal Taxes without Commitment},
	journal = {Journal of Economic Theory}
}

@article{Carroll_1997,
	doi = {10.1162/003355397555109},
	url = {https://doi.org/10.1162%2F003355397555109},
	year = 1997,
	month = {feb},
	publisher = {Oxford University Press ({OUP})},
	volume = {112},
	number = {1},
	pages = {1--55},
	author = {C. D. Carroll},
	title = {Buffer-Stock Saving and the Life Cycle/Permanent Income Hypothesis},
	journal = {The Quarterly Journal of Economics}
}

@article{Per_L_Krusell_and_Burhanettin_Kuruscu_and_Anthony_A_Smith_Jr_2010_Econometrica,
	doi = {10.3982/ecta8611},
	url = {https://doi.org/10.3982%2Fecta8611},
	year = 2010,
	publisher = {The Econometric Society},
	volume = {78},
	number = {6},
	pages = {2063--2084},
	title = {Temptation and Taxation},
	journal = {Econometrica}
}

@article{Khan_2019,
	doi = {10.1016/j.jmoneco.2019.02.001},
	url = {https://doi.org/10.1016%2Fj.jmoneco.2019.02.001},
	year = 2019,
	month = {apr},
	publisher = {Elsevier {BV}},
	volume = {102},
	pages = {93--95},
	author = {Aubhik Khan},
	title = {Comment on Long and Plosser meet Bewley and Lucas},
	journal = {Journal of Monetary Economics}
}

@article{shin2006ramsey,
  title={Ramsey meets Bewley: Optimal government financing with incomplete markets},
  author={Shin, Yongseok},
  journal={Unpublished manuscript, Washington University in St. Louis},
  year={2006},
  publisher={Citeseer}
}

@article{Finn_E_Kydland_and_Edward_C_Prescott_1980_Journal_of_Economic_Dynamics_and_Control,
	doi = {10.1016/0165-1889(80)90052-4},
	url = {https://doi.org/10.1016%2F0165-1889%2880%2990052-4},
	year = 1980,
	month = {jan},
	publisher = {Elsevier {BV}},
	volume = {2},
	pages = {79--91},
	author = {Finn E. Kydland and Edward C. Prescott},
	title = {Dynamic optimal taxation, rational expectations and optimal control},
	journal = {Journal of Economic Dynamics and Control}
}

@article{Cellarier_2013_JEDC,
	doi = {10.1016/j.jedc.2013.05.009},
	url = {https://doi.org/10.1016%2Fj.jedc.2013.05.009},
	year = 2013,
	month = {nov},
	publisher = {Elsevier {BV}},
	volume = {37},
	number = {11},
	pages = {2168--2179},
	author = {Laurent L. Cellarier},
	title = {A family production overlapping generations economy},
	journal = {Journal of Economic Dynamics and Control}
}


@article{Khan_2003,
	doi = {10.1016/s0304-3932(03)00003-5},
	url = {https://doi.org/10.1016%2Fs0304-3932%2803%2900003-5},
	year = 2003,
	month = {mar},
	publisher = {Elsevier {BV}},
	volume = {50},
	number = {2},
	pages = {331--360},
	author = {Aubhik Khan and Julia K. Thomas},
	title = {Nonconvex factor adjustments in equilibrium business cycle models: do nonlinearities matter?},
	journal = {Journal of Monetary Economics}
}

@article{Violante_Storesletten_Heathcote_2017_TQJE,
	year = 2017,
	journal = {The Quarterly Journal of Economics},
	pages = {1693--1754},
	volume = {132},
}


@article{Heathcote_Storesletten_Violante_2017_TQJE,
	doi = {10.1093/qje/qjx018},
	url = {https://doi.org/10.1093%2Fqje%2Fqjx018},
	year = 2017,
	month = {jun},
	publisher = {Oxford University Press ({OUP})},
	volume = {132},
	number = {4},
	pages = {1693--1754},
	author = {Jonathan Heathcote and Kjetil Storesletten and Giovanni L. Violante},
	title = {Optimal Tax Progressivity: An Analytical Framework{\ast}},
	journal = {The Quarterly Journal of Economics}
}


@article{Eberly_1994_JPE,
	 title={Adjustment of Consumers’ Durables Stocks: Evidence from Automobile Purchases},
	 volume={102},
	 ISSN={1537-534X},
	 url={http://dx.doi.org/10.1086/261940},
	 DOI={10.1086/261940},
	 number={3},
	 journal={Journal of Political Economy},
	 publisher={University of Chicago Press},
	 author={Eberly, Janice C.},
	 year={1994},
	 month={Jun},
	 pages={403–436}
}


@article{Maliar_Maliar_Valli_2010_JEDC,
	doi = {10.1016/j.jedc.2009.03.009},
	url = {https://doi.org/10.1016%2Fj.jedc.2009.03.009},
	year = 2010,
	month = {jan},
	publisher = {Elsevier {BV}},
	volume = {34},
	number = {1},
	pages = {42--49},
	author = {Lilia Maliar and Serguei Maliar and Fernando Valli},
	title = {Solving the incomplete markets model with aggregate uncertainty using the Krusell{\textendash}Smith algorithm},
	journal = {Journal of Economic Dynamics and Control}
}

@article{Anderlini_2020,
	doi = {10.1016/j.euroecorev.2019.103323},
	url = {https://doi.org/10.1016%2Fj.euroecorev.2019.103323},
	year = 2020,
	month = {jan},
	publisher = {Elsevier {BV}},
	volume = {121},
	pages = {103323},
	author = {Luca Anderlini and Leonardo Felli and Alessandro Riboni},
	title = {Legal efficiency and consistency},
	journal = {European Economic Review}
}

@article{Azzimonti_2018,
	doi = {10.1111/iere.12277},
	url = {https://doi.org/10.1111%2Fiere.12277},
	year = 2018,
	month = {mar},
	publisher = {Wiley},
	volume = {59},
	number = {2},
	pages = {479--510},
	author = {Marina Azzimonti},
	title = {The Politics of FDI Expropriation},
	journal = {International Economic Review}
}

@article{Tarek_Coury_and_Chetan_Dave_2010_Economics_Letters,
	doi = {10.1016/j.econlet.2010.08.025},
	url = {https://doi.org/10.1016%2Fj.econlet.2010.08.025},
	year = 2010,
	month = {dec},
	publisher = {Elsevier {BV}},
	volume = {109},
	number = {3},
	pages = {193--196},
	author = {Tarek Coury and Chetan Dave},
	title = {{\textquotedblleft}Hyperbolic{\textquotedblright} discounting: A recursive formulation and an application to economic growth},
	journal = {Economics Letters}
}

@article{Hall_1971,
	doi = {10.2307/2296781},
	url = {https://doi.org/10.2307%2F2296781},
	year = 1971,
	month = {apr},
	publisher = {Oxford University Press ({OUP})},
	volume = {38},
	number = {2},
	pages = {229},
	author = {R. E. Hall},
	title = {The Dynamic Effects of Fiscal Policy in an Economy with Foresight},
	journal = {The Review of Economic Studies}
}

@article{falato2020credit,
  title={Credit Markets, Learning, and the Business Cycle},
  author={Falato, Antonio and Xiao, Jasmine},
  year={2020}
}

@book{shotts2019linux,
  title={The Linux command line: a complete introduction},
  author={Shotts, William},
  year={2019},
  publisher={No Starch Press}
}

@article{Che_2001,
	doi = {10.1257/aer.91.3.525},
	url = {https://doi.org/10.1257%2Faer.91.3.525},
	year = 2001,
	month = {jun},
	publisher = {American Economic Association},
	volume = {91},
	number = {3},
	pages = {525--541},
	author = {Yeon-Koo Che and Seung-Weon Yoo},
	title = {Optimal Incentives for Teams},
	journal = {American Economic Review}
}

@article{Lanteri_Gavazza_2021_TRES,
	 title={Credit Shocks and Equilibrium Dynamics in Consumer Durable Goods Markets},
	 ISSN={1467-937X},
	 url={http://dx.doi.org/10.1093/restud/rdab004},
	 DOI={10.1093/restud/rdab004},
	 journal={The Review of Economic Studies},
	 publisher={Oxford University Press (OUP)},
	 author={Gavazza, Alessandro and Lanteri, Andrea},
	 year={2021},
	 month={Mar}
}


@inproceedings{Greenberg_2018,
	doi = {10.1145/3191697.3214336},
	url = {https://doi.org/10.1145%2F3191697.3214336},
	year = 2018,
	publisher = {{ACM} Press},
	author = {Michael Greenberg},
	title = {Word expansion supports {POSIX} shell interactivity},
	booktitle = {Conference Companion of the 2nd International Conference on Art, Science, and Engineering of Programming - Programming{\textquotesingle}18 Companion}
}

@article{Philippe_Chone_and_Guy_Laroque_2010_American_Economic_Review,
	doi = {10.1257/aer.100.5.2532},
	url = {https://doi.org/10.1257%2Faer.100.5.2532},
	year = 2010,
	month = {dec},
	publisher = {American Economic Association},
	volume = {100},
	number = {5},
	pages = {2532--2547},
	author = {Philippe Chon{\'{e}} and Guy Laroque},
	title = {Negative Marginal Tax Rates and Heterogeneity},
	journal = {American Economic Review}
}

@article{Fajgelbaum_2016,
	doi = {10.1093/qje/qjw013},
	url = {https://doi.org/10.1093%2Fqje%2Fqjw013},
	year = 2016,
	month = {mar},
	publisher = {Oxford University Press ({OUP})},
	volume = {131},
	number = {3},
	pages = {1113--1180},
	author = {Pablo D. Fajgelbaum and Amit K. Khandelwal},
	title = {Measuring the Unequal Gains from Trade {\ast}},
	journal = {The Quarterly Journal of Economics}
}

@article{gomes2016equilibrium,
  title={Equilibrium asset pricing with leverage and default},
  author={Gomes, Joao F and Lukas Schmid},
  year={2016}
}
@article{Netz_Mackie-Mason_Borenstein_2000_JEMS,
	 title={Exercising Market Power in Proprietary Aftermarkets},
	 volume={9},
	 ISSN={1530-9134},
	 url={http://dx.doi.org/10.1111/j.1430-9134.2000.00157.x},
	 DOI={10.1111/j.1430-9134.2000.00157.x},
	 number={3},
	 journal={Journal of Economics and Management Strategy},
	 publisher={Wiley},
	 author={Borenstein, Severin and Mackie-Mason, Jeffrey K. and Netz, Janet S.},
	 year={2000},
	 month={Jun},
	 pages={157–188}
}


@article{diamond1965national,
  title={National debt in a neoclassical growth model},
  author={Diamond, Peter A},
  journal={The American Economic Review},
  volume={55},
  number={5},
  pages={1126--1150},
  year={1965},
  publisher={JSTOR}
}

@article{Rothschild_1976,
	doi = {10.2307/1885326},
	url = {https://doi.org/10.2307%2F1885326},
	year = 1976,
	month = {nov},
	publisher = {Oxford University Press ({OUP})},
	volume = {90},
	number = {4},
	pages = {629},
	author = {Michael Rothschild and Joseph Stiglitz},
	title = {Equilibrium in Competitive Insurance Markets: An Essay on the Economics of Imperfect Information},
	journal = {The Quarterly Journal of Economics}
}

@article{Kumhof_2015,
	doi = {10.1257/aer.20110683},
	url = {https://doi.org/10.1257%2Faer.20110683},
	year = 2015,
	month = {mar},
	publisher = {American Economic Association},
	volume = {105},
	number = {3},
	pages = {1217--1245},
	author = {Michael Kumhof and Romain Ranci{\`{e}}re and Pablo Winant},
	title = {Inequality, Leverage, and Crises},
	journal = {American Economic Review}
}

@article{Christopher_Harris_and_David_Laibson_2001_Econometrica,
	doi = {10.1111/1468-0262.00225},
	url = {https://doi.org/10.1111%2F1468-0262.00225},
	year = 2001,
	month = {jul},
	publisher = {The Econometric Society},
	volume = {69},
	number = {4},
	pages = {935--957},
	author = {Christopher Harris and David Laibson},
	title = {Dynamic Choices of Hyperbolic Consumers},
	journal = {Econometrica}
}

@article{Lindqvist_Östling_2010_APSR,
	doi = {10.1017/s0003055410000262},
	url = {https://doi.org/10.1017%2Fs0003055410000262},
	year = 2010,
	month = {aug},
	publisher = {Cambridge University Press ({CUP})},
	volume = {104},
	number = {3},
	pages = {543--565},
	author = {Erik Lindqvist and Robert Östling},
	title = {Political Polarization and the Size of Government},
	journal = {American Political Science Review}
}


@article{Rodrik_2018,
	doi = {10.1057/s42214-018-0001-4},
	url = {https://doi.org/10.1057%2Fs42214-018-0001-4},
	year = 2018,
	month = {feb},
	publisher = {Springer Science and Business Media {LLC}},
	volume = {1},
	number = {1-2},
	pages = {12--33},
	author = {Dani Rodrik},
	title = {Populism and the economics of globalization},
	journal = {Journal of International Business Policy}
}

@article{Waldman_Carlton_2009_JLEO,
	 title={Competition, Monopoly, and Aftermarkets},
	 volume={26},
	 ISSN={1465-7341},
	 url={http://dx.doi.org/10.1093/jleo/ewp006},
	 DOI={10.1093/jleo/ewp006},
	 number={1},
	 journal={Journal of Law, Economics, and Organization},
	 publisher={Oxford University Press (OUP)},
	 author={Carlton, D. W. and Waldman, M.},
	 year={2009},
	 month={Apr},
	 pages={54–91}
}


@article{Anastasios_G_Karantounias_2018_The_Review_of_Economic_Studies,
	doi = {10.1093/restud/rdy005},
	url = {https://doi.org/10.1093%2Frestud%2Frdy005},
	year = 2018,
	month = {jan},
	publisher = {Oxford University Press ({OUP})},
	volume = {85},
	number = {4},
	pages = {2283--2317},
	author = {Anastasios G Karantounias},
	title = {Optimal Fiscal Policy with Recursive Preferences},
	journal = {The Review of Economic Studies}
}

@incollection{Fershtman_2018,
	doi = {10.1057/978-1-349-95189-5_2997},
	url = {https://doi.org/10.1057%2F978-1-349-95189-5_2997},
	year = 2018,
	publisher = {Palgrave Macmillan {UK}},
	pages = {9800--9806},
	author = {Chaim Fershtman and Neil Gandal},
	title = {Open Source Software, a Brief Survey of the Economics of},
	booktitle = {The New Palgrave Dictionary of Economics}
}

@book{Heer_2005,
	doi = {10.1007/b138909},
	url = {https://doi.org/10.1007%2Fb138909},
	year = 2005,
	publisher = {Springer-Verlag},
	author = {Heer, Burkhard and Alfred Maussner},
	title = {Dynamic General Equilibrium Modelling}
}

@article{Guvenen_2012_SSRNEJ,
	doi = {10.2139/ssrn.1962275},
	url = {https://doi.org/10.2139%2Fssrn.1962275},
	year = 2012,
	publisher = {Elsevier {BV}},
	author = {Fatih Guvenen},
	title = {Macroeconomics with Heterogeneity: A Practical Guide},
	journal = {{SSRN} Electronic Journal}
}


@article{Opp_2012,
	doi = {10.1016/j.jfineco.2011.08.010},
	url = {https://doi.org/10.1016%2Fj.jfineco.2011.08.010},
	year = 2012,
	month = {jan},
	publisher = {Elsevier {BV}},
	volume = {103},
	number = {1},
	pages = {113--129},
	author = {Marcus M. Opp},
	title = {Expropriation risk and technology},
	journal = {Journal of Financial Economics}
}

@article{Saez_2001,
	doi = {10.1111/1467-937x.00166},
	url = {https://doi.org/10.1111%2F1467-937x.00166},
	year = 2001,
	month = {jan},
	publisher = {Oxford University Press ({OUP})},
	volume = {68},
	number = {1},
	pages = {205--229},
	author = {E. Saez},
	title = {Using Elasticities to Derive Optimal Income Tax Rates},
	journal = {The Review of Economic Studies}
}

@article{Fern_ndez_Villaverde_2010,
	doi = {10.1257/aer.100.2.35},
	url = {https://doi.org/10.1257%2Faer.100.2.35},
	year = 2010,
	month = {may},
	publisher = {American Economic Association},
	volume = {100},
	number = {2},
	pages = {35--40},
	author = {Jes{\'{u}}s Fern{\'{a}}ndez-Villaverde},
	title = {Fiscal Policy in a Model With Financial Frictions},
	journal = {American Economic Review}
}

@article{Shapiro_1995_ALJ,
  title={Aftermarkets and consumer welfare: Making sense of Kodak},
  author={Shapiro, Carl},
  journal={Antitrust Law Journal},
  volume={63},
  pages={483},
  year={1995},
  publisher={HeinOnline}
}

@book{fehr2020introduction,
  title={Introduction to Computational Economics Using Fortran: Exercise and Solutions Manual},
  author={Fehr, Hans and Hofmann, Maurice and Kindermann, Fabian},
  year={2020},
  publisher={Oxford University Press, USA}
}

@article{Tomz_2008,
	doi = {10.2139/ssrn.1392540},
	url = {https://doi.org/10.2139%2Fssrn.1392540},
	year = 2008,
	publisher = {Elsevier {BV}},
	author = {Michael Tomz and Mark L. J. Wright},
	title = {Sovereign Theft: Theory and Evidence about Sovereign Default and Expropriation},
	journal = {{SSRN} Electronic Journal}
}

@article{Aruoba_2015,
	doi = {10.1016/j.jedc.2015.05.009},
	url = {https://doi.org/10.1016%2Fj.jedc.2015.05.009},
	year = 2015,
	month = {sep},
	publisher = {Elsevier {BV}},
	volume = {58},
	pages = {265--273},
	author = {S. Bora{\u{g}}an Aruoba and Jes{\'{u}}s Fern{\'{a}}ndez-Villaverde},
	title = {A comparison of programming languages in macroeconomics},
	journal = {Journal of Economic Dynamics and Control}
}

@article{Roketskiy_Lizzeri_Gavazza_2014_AER,
	 title={A Quantitative Analysis of the Used-Car Market},
	 volume={104},
	 ISSN={0002-8282},
	 url={http://dx.doi.org/10.1257/aer.104.11.3668},
	 DOI={10.1257/aer.104.11.3668},
	 number={11},
	 journal={American Economic Review},
	 publisher={American Economic Association},
	 author={Gavazza, Alessandro and Lizzeri, Alessandro and Roketskiy, Nikita},
	 year={2014},
	 month={Nov},
	 pages={3668–3700}
}


@article{Aguiar_Gopinath_2007_JPE,
	doi = {10.1086/511283},
	url = {https://doi.org/10.1086%2F511283},
	year = 2007,
	month = {feb},
	publisher = {University of Chicago Press},
	volume = {115},
	number = {1},
	pages = {69--102},
	author = {Mark Aguiar and Gita Gopinath},
	title = {Emerging Market Business Cycles: The Cycle Is the Trend},
	journal = {Journal of Political Economy}
}

@article{Porta_2008,
	doi = {10.1257/jel.46.2.285},
	url = {https://doi.org/10.1257%2Fjel.46.2.285},
	year = 2008,
	month = {may},
	publisher = {American Economic Association},
	volume = {46},
	number = {2},
	pages = {285--332},
	author = {Rafael La Porta and Florencio Lopez-de-Silanes and Andrei Shleifer},
	title = {The Economic Consequences of Legal Origins},
	journal = {Journal of Economic Literature}
}

@techreport{others_Chafwehe_2017_,
  title={Durable Goods Markets in Heterogeneous Agents Economies},
  author={Chafweh{\'e}, Boris and others},
  year={2017},
  institution={Universit{\'e} catholique de Louvain, Institut de Recherches Economiques et~…}
}

@article{Piero_Gottardi_and_Atsushi_Kajii_and_Tomoyuki_Nakajima_2015_American_Economic_Review,
	doi = {10.1257/aer.20110576},
	url = {https://doi.org/10.1257%2Faer.20110576},
	year = 2015,
	month = {nov},
	publisher = {American Economic Association},
	volume = {105},
	number = {11},
	pages = {3443--3470},
	author = {Piero Gottardi and Atsushi Kajii and Tomoyuki Nakajima},
	title = {Optimal Taxation and Debt with Uninsurable Risks to Human Capital Accumulation},
	journal = {American Economic Review}
}

@article{Diamond_1989,
	doi = {10.1086/261630},
	url = {https://doi.org/10.1086%2F261630},
	year = 1989,
	month = {aug},
	publisher = {University of Chicago Press},
	volume = {97},
	number = {4},
	pages = {828--862},
	author = {Douglas W. Diamond},
	title = {Reputation Acquisition in Debt Markets},
	journal = {Journal of Political Economy}
}

@article{Omer_Acikgoz_and_Marcus_Hagedorn_and_Hans_Aasnes_Holter_and_Yikai_Wang_2018_SSRN_Electronic_Journal,
	doi = {10.2139/ssrn.3185088},
	url = {https://doi.org/10.2139%2Fssrn.3185088},
	year = 2018,
	publisher = {Elsevier {BV}},
	author = {Omer Acikgoz and Marcus Hagedorn and Hans Aasnes Holter and Yikai Wang},
	title = {The Optimum Quantity of Capital and Debt},
	journal = {{SSRN} Electronic Journal}
}

@article{Cecchetti_2000,
	doi = {10.1257/aer.90.4.787},
	url = {https://doi.org/10.1257%2Faer.90.4.787},
	year = 2000,
	month = {sep},
	publisher = {American Economic Association},
	volume = {90},
	number = {4},
	pages = {787--805},
	author = {Stephen G Cecchetti and Pok-Sang Lam and Nelson C Mark},
	title = {Asset Pricing with Distorted Beliefs: Are Equity Returns Too Good to Be True?},
	journal = {American Economic Review}
}

@book{walsh2017monetary,
  title={Monetary theory and policy},
  author={Walsh, Carl E},
  year={2017},
  publisher={MIT press}
}

@article{Hansen_1991,
	doi = {10.1086/261749},
	url = {https://doi.org/10.1086%2F261749},
	year = 1991,
	month = {apr},
	publisher = {University of Chicago Press},
	volume = {99},
	number = {2},
	pages = {225--262},
	author = {Lars Peter Hansen and Ravi Jagannathan},
	title = {Implications of Security Market Data for Models of Dynamic Economies},
	journal = {Journal of Political Economy}
}

@book{sargent2009dynamic,
  title={Dynamic macroeconomic theory},
  author={Sargent, Thomas J},
  year={2009},
  publisher={Harvard University Press}
}

@article{Krusell_1998,
	doi = {10.1086/250034},
	url = {https://doi.org/10.1086%2F250034},
	year = 1998,
	month = {oct},
	publisher = {University of Chicago Press},
	volume = {106},
	number = {5},
	pages = {867--896},
	author = {Per Krusell and Anthony Smith},
	title = {Income and Wealth Heterogeneity in the Macroeconomy},
	journal = {Journal of Political Economy}
}

@book{Stiglitz_2012_Book,
  title={The price of inequality: How today's divided society endangers our future},
  author={Stiglitz, Joseph E},
  year={2012},
  publisher={WW Norton \& Company}
}



@techreport{bustamante2018debt,
  title={Debt overhang, monetary policy, and economic recoveries after large recessions},
  year={2018},
  author={Bustamante, Christian}
}
@article{Piketty_Zucman_2014_TQJE,
	doi = {10.1093/qje/qju018},
	url = {https://doi.org/10.1093%2Fqje%2Fqju018},
	year = 2014,
	month = {may},
	publisher = {Oxford University Press ({OUP})},
	volume = {129},
	number = {3},
	pages = {1255--1310},
	author = {Thomas Piketty and Gabriel Zucman},
	title = {Capital is Back: Wealth-Income Ratios in Rich Countries 1700{\textendash}2010
		{\ast}},
	journal = {The Quarterly Journal of Economics}
}


@article{Alvaredo_Atkinson_Piketty_Saez_2013_JEP,
	doi = {10.1257/jep.27.3.3},
	url = {https://doi.org/10.1257%2Fjep.27.3.3},
	year = 2013,
	month = {aug},
	publisher = {American Economic Association},
	volume = {27},
	number = {3},
	pages = {3--20},
	author = {Facundo Alvaredo and Anthony B Atkinson and Thomas Piketty and Emmanuel Saez},
	title = {The Top 1 Percent in International and Historical Perspective},
	journal = {Journal of Economic Perspectives}
}

@article{Chatterjee_2007,
	doi = {10.1111/j.1468-0262.2007.00806.x},
	url = {https://doi.org/10.1111%2Fj.1468-0262.2007.00806.x},
	year = 2007,
	month = {nov},
	publisher = {The Econometric Society},
	volume = {75},
	number = {6},
	pages = {1525--1589},
	author = {Satyajit Chatterjee and Dean Corbae and Makoto Nakajima and Jos{\'{e}}-V{\'{\i}}ctor R{\'{\i}}os-Rull},
	title = {A Quantitative Theory of Unsecured Consumer Credit with Risk of Default},
	journal = {Econometrica}
}

@article{Lilia_Maliar_and_Serguei_Maliar_2006_Journal_of_Money_Credit_and_Banking,
	doi = {10.1353/mcb.2006.0045},
	url = {https://doi.org/10.1353%2Fmcb.2006.0045},
	year = 2006,
	publisher = {Project Muse},
	volume = {38},
	number = {3},
	pages = {635--654},
	author = {Lilia Maliar and Serguei Maliar},
	title = {The Neoclassical Growth Model with Heterogeneous Quasi-Geometric Consumers},
	journal = {Journal of Money, Credit, and Banking}
}

@article{Imrohoro_lu_1989,
	doi = {10.1086/261658},
	url = {https://doi.org/10.1086%2F261658},
	year = 1989,
	month = {dec},
	publisher = {University of Chicago Press},
	volume = {97},
	number = {6},
	pages = {1364--1383},
	author = {Ay{\c{s}}e Imrohoro{\u{g}}lu},
	title = {Cost of Business Cycles with Indivisibilities and Liquidity Constraints},
	journal = {Journal of Political Economy}
}

@article{Bade_2015,
	doi = {10.3982/te1335},
	url = {https://doi.org/10.3982%2Fte1335},
	year = 2015,
	month = {may},
	publisher = {The Econometric Society},
	volume = {10},
	number = {2},
	pages = {385--410},
	author = {Sophie Bade},
	title = {Serial dictatorship: The unique optimal allocation rule when information is endogenous},
	journal = {Theoretical Economics}
}

@article{Gomes_Michaelides_2007_RFS,
	doi = {10.1093/rfs/hhm063},
	url = {https://doi.org/10.1093%2Frfs%2Fhhm063},
	year = 2007,
	month = {nov},
	publisher = {Oxford University Press ({OUP})},
	volume = {21},
	number = {1},
	pages = {415--448},
	author = {Francisco Gomes and Alexander Michaelides},
	title = {Asset Pricing with Limited Risk Sharing and Heterogeneous Agents},
	journal = {Review of Financial Studies}
}


@article{Gomes_2016,
	doi = {10.1257/aer.20130952},
	url = {https://doi.org/10.1257%2Faer.20130952},
	year = 2016,
	month = {dec},
	publisher = {American Economic Association},
	volume = {106},
	number = {12},
	pages = {3800--3828},
	author = {Jo{\~{a}}o Gomes and Urban Jermann and Lukas Schmid},
	title = {Sticky Leverage},
	journal = {American Economic Review}
}

@book{kelsky2015professor,
  title={The professor is in: The essential guide to turning your Ph. D. into a job},
  author={Kelsky, Karen},
  year={2015},
  publisher={Three Rivers Press (CA)}
}

@techreport{others_Chafwehe_2017_,
  title={Durable Goods Markets in Heterogeneous Agents Economies},
  author={Chafweh{\'e}, Boris and others},
  year={2017},
  institution={Universit{\'e} catholique de Louvain, Institut de Recherches Economiques et~…}
}


@article{Christiano_2005,
	doi = {10.1086/426038},
	url = {https://doi.org/10.1086%2F426038},
	year = 2005,
	month = {feb},
	publisher = {University of Chicago Press},
	volume = {113},
	number = {1},
	pages = {1--45},
	author = {Lawrence J. Christiano and Martin Eichenbaum and Charles L. Evans},
	title = {Nominal Rigidities and the Dynamic Effects of a Shock to Monetary Policy},
	journal = {Journal of Political Economy}
}

@article{levine1999law,
  title={Law, finance, and economic growth},
  author={Levine, Ross},
  journal={Journal of financial Intermediation},
  volume={8},
  number={1-2},
  pages={8--35},
  year={1999},
  publisher={Citeseer}
}

@article{Mian_2014,
	doi = {10.3982/ecta10451},
	url = {https://doi.org/10.3982%2Fecta10451},
	year = 2014,
	month = {nov},
	publisher = {The Econometric Society},
	volume = {82},
	number = {6},
	pages = {2197--2223},
	author = {Atif Mian and Amir Sufi},
	title = {What Explains the 2007-2009 Drop in Employment?},
	journal = {Econometrica}
}

@article{Frankel_Rose_1998_TEJ,
	doi = {10.1111/1468-0297.00327},
	url = {https://doi.org/10.1111%2F1468-0297.00327},
	year = 1998,
	month = {jul},
	publisher = {Oxford University Press ({OUP})},
	volume = {108},
	number = {449},
	pages = {1009--1025},
	author = {Jeffrey A. Frankel and Andrew K. Rose},
	title = {The Endogenity of the Optimum Currency Area Criteria},
	journal = {The Economic Journal}
}

@book{hogan2019small,
  title={Small, Sharp Software Tools: Harness the Combinatoric Power of Command-line Tools and Utilities},
  author={Hogan, Brian P},
  year={2019},
  publisher={Pragmatic Bookshelf}
}

@article{Fella_2014_RED,
	doi = {10.1016/j.red.2013.07.001},
	url = {https://doi.org/10.1016%2Fj.red.2013.07.001},
	year = 2014,
	month = {apr},
	publisher = {Elsevier {BV}},
	volume = {17},
	number = {2},
	pages = {329--344},
	author = {Giulio Fella},
	title = {A generalized endogenous grid method for non-smooth and non-concave problems},
	journal = {Review of Economic Dynamics}
}


@article{SRao_Aiyagari_and_Ellen_R_McGrattan_1998_Journal_of_Monetary_Economics,
	doi = {10.1016/s0304-3932(98)00031-2},
	url = {https://doi.org/10.1016%2Fs0304-3932%2898%2900031-2},
	year = 1998,
	month = {oct},
	publisher = {Elsevier {BV}},
	volume = {42},
	number = {3},
	pages = {447--469},
	author = {S.Rao Aiyagari and Ellen R. McGrattan},
	title = {The optimum quantity of debt},
	journal = {Journal of Monetary Economics}
}

@book{woodford2011interest,
  title={Interest and prices: Foundations of a theory of monetary policy},
  author={Woodford, Michael},
  year={2011},
  publisher={princeton university press}
}

@article{Carriero_Clark_Marcellino_2018_TRES,
	doi = {10.1162/rest_a_00693},
	url = {https://doi.org/10.1162%2Frest_a_00693},
	year = 2018,
	month = {dec},
	publisher = {{MIT} Press - Journals},
	volume = {100},
	number = {5},
	pages = {799--815},
	author = {Andrea Carriero and Todd E. Clark and Massimiliano Marcellino},
	title = {Measuring Uncertainty and Its Impact on the Economy},
	journal = {The Review of Economics and Statistics}
}

@article{I_Werning_2007_The_Quarterly_Journal_of_Economics,
	doi = {10.1162/qjec.122.3.925},
	url = {https://doi.org/10.1162%2Fqjec.122.3.925},
	year = 2007,
	month = {aug},
	publisher = {Oxford University Press ({OUP})},
	volume = {122},
	number = {3},
	pages = {925--967},
	author = {I. Werning},
	title = {Optimal Fiscal Policy with Redistribution},
	journal = {The Quarterly Journal of Economics}
}

@article{Henisz_2000,
	doi = {10.1093/jleo/16.2.334},
	url = {https://doi.org/10.1093%2Fjleo%2F16.2.334},
	year = 2000,
	month = {oct},
	publisher = {Oxford University Press ({OUP})},
	volume = {16},
	number = {2},
	pages = {334--364},
	author = {W. Henisz},
	title = {The institutional environment for multinational investment},
	journal = {Journal of Law, Economics, and Organization}
}

@article{Charles_T_Carlstrom_and_Timothy_S_Fuerst_1997_American_Economic_Review,
	ISSN = {00028282},
	doi = {10.2307/2951331},
	URL = {http://www.jstor.org/stable/2951331},
	abstract = {This paper develops a computable general equilibrium model in which endogenous agency costs can potentially alter business-cycle dynamics. A principal conclusion is that the agency-cost model replicates the empirical fact that output growth displays positive autocorrelation at short horizons. This hump-shaped output behavior arises because households delay their investment decisions until agency costs are at their lowest--a point in time several periods after the initial shock.},
	author = {Charles T. Carlstrom and Timothy S. Fuerst},
	journal = {The American Economic Review},
	number = {5},
	pages = {893--910},
	publisher = {American Economic Association},
	title = {Agency Costs, Net Worth, and Business Fluctuations: A Computable General Equilibrium Analysis},
	volume = {87},
	year = 1997
}

@book{Blum_2015,
	doi = {10.1002/9781119209409},
	url = {https://doi.org/10.1002%2F9781119209409},
	year = 2015,
	month = {jan},
	publisher = {John Wiley {\&} Sons, Inc},
	author = {Richard Blum and Christine Bresnahan},
	title = {Linux{\textregistered} Command Line and Shell Scripting Bible}
}

@article{Jensen_2019,
	doi = {10.1007/s11558-019-09363-z},
	url = {https://doi.org/10.1007%2Fs11558-019-09363-z},
	year = 2019,
	month = {jul},
	publisher = {Springer Science and Business Media {LLC}},
	volume = {15},
	number = {4},
	pages = {869--898},
	author = {Nathan M. Jensen and Noel P. Johnston and Chia-yi Lee and Hadi Sahin},
	title = {Crisis and contract breach: The domestic and international determinants of expropriation},
	journal = {The Review of International Organizations}
}

@article{O’Neill_2021_Engineering,
	 title={European union puts teeth in right to repair},
	 ISSN={2095-8099},
	 url={http://dx.doi.org/10.1016/j.eng.2021.07.007},
	 DOI={10.1016/j.eng.2021.07.007},
	 journal={Engineering},
	 publisher={Elsevier BV},
	 author={O’Neill, Sean},
	 year={2021},
	 month={Aug}
}


@article{Romer_1986,
	doi = {10.1086/261420},
	url = {https://doi.org/10.1086%2F261420},
	year = 1986,
	month = {oct},
	publisher = {University of Chicago Press},
	volume = {94},
	number = {5},
	pages = {1002--1037},
	author = {Paul M. Romer},
	title = {Increasing Returns and Long-Run Growth},
	journal = {Journal of Political Economy}
}

@book{de_Boor_1978,
	doi = {10.1007/978-1-4612-6333-3},
	url = {https://doi.org/10.1007%2F978-1-4612-6333-3},
	year = 1978,
	publisher = {Springer New York},
	author = {Carl de Boor},
	title = {A Practical Guide to Splines}
}

@article{M_Ravallion_2014_Science,
	doi = {10.1126/science.1251875},
	url = {https://doi.org/10.1126%2Fscience.1251875},
	year = 2014,
	month = {may},
	publisher = {American Association for the Advancement of Science ({AAAS})},
	volume = {344},
	number = {6186},
	pages = {851--855},
	author = {M. Ravallion},
	title = {Income inequality in the developing world},
	journal = {Science}
}

@article{Stolper_1941,
	doi = {10.2307/2967638},
	url = {https://doi.org/10.2307%2F2967638},
	year = 1941,
	month = {nov},
	publisher = {Oxford University Press ({OUP})},
	volume = {9},
	number = {1},
	pages = {58--73},
	author = {W. F. Stolper and P. A. Samuelson},
	title = {Protection and Real Wages},
	journal = {The Review of Economic Studies}
}

@article{Thomas_Philippon_2015_American_Economic_Review,
	doi = {10.1257/aer.20120578},
	url = {https://doi.org/10.1257%2Faer.20120578},
	year = 2015,
	month = {apr},
	publisher = {American Economic Association},
	volume = {105},
	number = {4},
	pages = {1408--1438},
	author = {Thomas Philippon},
	title = {Has the {US} Finance Industry Become Less Efficient? On the Theory and Measurement of Financial Intermediation},
	journal = {American Economic Review}
}

@article{Katz_1992,
	doi = {10.2307/2118323},
	url = {https://doi.org/10.2307%2F2118323},
	year = 1992,
	month = {feb},
	publisher = {Oxford University Press ({OUP})},
	volume = {107},
	number = {1},
	pages = {35--78},
	author = {L. F. Katz and K. M. Murphy},
	title = {Changes in Relative Wages, 1963-1987: Supply and Demand Factors},
	journal = {The Quarterly Journal of Economics}
}

@article{Eggertsson_2012,
	doi = {10.1093/qje/qjs023},
	url = {https://doi.org/10.1093%2Fqje%2Fqjs023},
	year = 2012,
	month = {jul},
	publisher = {Oxford University Press ({OUP})},
	volume = {127},
	number = {3},
	pages = {1469--1513},
	author = {Gauti B. Eggertsson and Paul Krugman},
	title = {Debt, Deleveraging, and the Liquidity Trap: A Fisher-Minsky-Koo Approach{\ast}},
	journal = {The Quarterly Journal of Economics}
}

@article{Davis_Wincoop_2018_JME,
	doi = {10.1016/j.jmoneco.2018.07.009},
	url = {https://doi.org/10.1016%2Fj.jmoneco.2018.07.009},
	year = 2018,
	month = {dec},
	publisher = {Elsevier {BV}},
	volume = {100},
	pages = {83--100},
	author = {J. Scott Davis and Eric Van Wincoop},
	title = {Globalization and the increasing correlation between capital inflows and outflows},
	journal = {Journal of Monetary Economics}
}

@article{Beck_2003,
	doi = {10.1016/j.jce.2003.08.001},
	url = {https://doi.org/10.1016%2Fj.jce.2003.08.001},
	year = 2003,
	month = {dec},
	publisher = {Elsevier {BV}},
	volume = {31},
	number = {4},
	pages = {653--675},
	author = {Thorsten Beck and Asli Demirgü{\c{c}}-Kunt and Ross Levine},
	title = {Law and finance: why does legal origin matter?},
	journal = {Journal of Comparative Economics}
}

@article{Mehra_1985,
	doi = {10.1016/0304-3932(85)90061-3},
	url = {https://doi.org/10.1016%2F0304-3932%2885%2990061-3},
	year = 1985,
	month = {mar},
	publisher = {Elsevier {BV}},
	volume = {15},
	number = {2},
	pages = {145--161},
	author = {Rajnish Mehra and Edward C. Prescott},
	title = {The equity premium: A puzzle},
	journal = {Journal of Monetary Economics}
}

@article{Cooper_1999,
	doi = {10.1257/aer.89.4.921},
	url = {https://doi.org/10.1257%2Faer.89.4.921},
	year = 1999,
	month = {sep},
	publisher = {American Economic Association},
	volume = {89},
	number = {4},
	pages = {921--946},
	author = {Russell Cooper and John Haltiwanger and Laura Power},
	title = {Machine Replacement and the Business Cycle: Lumps and Bumps},
	journal = {American Economic Review}
}

@book{fehr2018introduction,
  title={Introduction to computational economics using fortran},
  author={Fehr, Hans and Kindermann, Fabian},
  year={2018},
  publisher={Oxford University Press}
}

@article{deaton1980almost,
  title={An almost ideal demand system},
  author={Deaton, Angus and Muellbauer, John},
  journal={The American economic review},
  volume={70},
  number={3},
  pages={312--326},
  year={1980},
  publisher={JSTOR}
}

@article{Aguiar_2011,
	doi = {10.1093/qje/qjr015},
	url = {https://doi.org/10.1093%2Fqje%2Fqjr015},
	year = 2011,
	month = {may},
	publisher = {Oxford University Press ({OUP})},
	volume = {126},
	number = {2},
	pages = {651--697},
	author = {Mark Aguiar and Manuel Amador},
	title = {Growth in the Shadow of Expropriation},
	journal = {The Quarterly Journal of Economics}
}

@article{Caballero_1993_JPE,
	 title={Durable Goods: An Explanation for Their Slow Adjustment},
	 volume={101},
	 ISSN={1537-534X},
	 url={http://dx.doi.org/10.1086/261879},
	 DOI={10.1086/261879},
	 number={2},
	 journal={Journal of Political Economy},
	 publisher={University of Chicago Press},
	 author={Caballero, Ricardo J.},
	 year={1993},
	 month={Apr},
	 pages={351–384}
}


@article{Trejos_1995,
	doi = {10.1086/261978},
	url = {https://doi.org/10.1086%2F261978},
	year = 1995,
	month = {feb},
	publisher = {University of Chicago Press},
	volume = {103},
	number = {1},
	pages = {118--141},
	author = {Alberto Trejos and Randall Wright},
	title = {Search, Bargaining, Money, and Prices},
	journal = {Journal of Political Economy}
}

@book{hahn1994fortran,
  title={Fortran 90 for scientists and engineers},
  author={Hahn, Brian},
  year={1994},
  publisher={Elsevier}
}

@article{dixit1977monopolistic,
  title={Monopolistic competition and optimum product diversity},
  author={Dixit, Avinash K and Stiglitz, Joseph E},
  journal={The American economic review},
  volume={67},
  number={3},
  pages={297--308},
  year={1977},
  publisher={JSTOR}
}

@article{Luengo-Prado_Díaz_2010_IER,
	 title={THE WEALTH DISTRIBUTION WITH DURABLE GOODS},
	 volume={51},
	 ISSN={1468-2354},
	 url={http://dx.doi.org/10.1111/j.1468-2354.2009.00574.x},
	 DOI={10.1111/j.1468-2354.2009.00574.x},
	 number={1},
	 journal={International Economic Review},
	 publisher={Wiley},
	 author={Díaz, Antonia and Luengo-Prado, María José},
	 year={2010},
	 month={Feb},
	 pages={143–170}
}


@article{Schiff_2002,
	doi = {10.2202/1446-9022.1004},
	url = {https://doi.org/10.2202%2F1446-9022.1004},
	year = 2002,
	month = {jan},
	publisher = {Walter de Gruyter {GmbH}},
	volume = {1},
	number = {1},
	author = {Aaron Schiff},
	title = {The Economics of Open Source Software: A Survey of the Early Literature},
	journal = {Review of Network Economics}
}

@article{Samuelson_1969,
	doi = {10.2307/1926559},
	url = {https://doi.org/10.2307%2F1926559},
	year = 1969,
	month = {aug},
	publisher = {{JSTOR}},
	volume = {51},
	number = {3},
	pages = {239},
	author = {Paul A. Samuelson},
	title = {Lifetime Portfolio Selection By Dynamic Stochastic Programming},
	journal = {The Review of Economics and Statistics}
}

@article{Lilia_Maliar_and_Serguei_Maliar_2005_Computational_Economics,
	doi = {10.1007/s10614-005-1732-y},
	url = {https://doi.org/10.1007%2Fs10614-005-1732-y},
	year = 2005,
	month = {oct},
	publisher = {Springer Science and Business Media {LLC}},
	volume = {26},
	number = {2},
	pages = {163--172},
	author = {Lilia Maliar and Serguei Maliar},
	title = {Solving the Neoclassical Growth Model with Quasi-Geometric Discounting: A Grid-Based Euler-Equation Method},
	journal = {Computational Economics}
}

@article{Phelan_2001,
	doi = {10.1111/1468-0262.00255},
	url = {https://doi.org/10.1111%2F1468-0262.00255},
	year = 2001,
	month = {nov},
	publisher = {The Econometric Society},
	volume = {69},
	number = {6},
	pages = {1491--1518},
	author = {Christopher Phelan and Ennio Stacchetti},
	title = {Sequential Equilibria in a Ramsey Tax Model},
	journal = {Econometrica}
}

@article{Harms_2006,
	doi = {10.1111/j.1468-0297.2006.01111.x},
	url = {https://doi.org/10.1111%2Fj.1468-0297.2006.01111.x},
	year = 2006,
	month = {jul},
	publisher = {Oxford University Press ({OUP})},
	volume = {116},
	number = {513},
	pages = {773--790},
	author = {Philipp Harms and Matthias Lutz},
	title = {Aid, Governance and Private Foreign Investment: Some Puzzling Findings for the 1990s},
	journal = {The Economic Journal}
}

@incollection{Hart_1987,
	doi = {10.1017/ccol0521340446.003},
	url = {https://doi.org/10.1017%2Fccol0521340446.003},
	year = 1987,
	month = {jun},
	publisher = {Cambridge University Press},
	pages = {71--156},
	author = {Oliver Hart and Bengt Holmström},
	title = {The theory of contracts},
	booktitle = {Advances in Economic Theory}
}


@article{Tamotsu_Nakamura_2020_Economic_Modelling,
	doi = {10.1016/j.econmod.2019.04.004},
	url = {https://doi.org/10.1016%2Fj.econmod.2019.04.004},
	year = 2020,
	month = {jan},
	publisher = {Elsevier {BV}},
	volume = {84},
	pages = {177--180},
	author = {Tamotsu Nakamura},
	title = {On the long-run wealth distribution in a simple Ramsey model with heterogeneous households},
	journal = {Economic Modelling}
}

@article{Barro_1990,
	doi = {10.1086/261726},
	url = {https://doi.org/10.1086%2F261726},
	year = 1990,
	month = {oct},
	publisher = {University of Chicago Press},
	volume = {98},
	number = {5, Part 2},
	pages = {S103--S125},
	author = {Robert J. Barro},
	title = {Government Spending in a Simple Model of Endogeneous Growth},
	journal = {Journal of Political Economy}
}

@article{Hopenhayn_1997,
	doi = {10.1086/262078},
	url = {https://doi.org/10.1086%2F262078},
	year = 1997,
	month = {apr},
	publisher = {University of Chicago Press},
	volume = {105},
	number = {2},
	pages = {412--438},
	author = {Hugo~A. Hopenhayn and Juan~Pablo Nicolini},
	title = {Optimal Unemployment Insurance},
	journal = {Journal of Political Economy}
}

@article{LUCAS_1980,
	doi = {10.1111/j.1465-7295.1980.tb00570.x},
	url = {https://doi.org/10.1111%2Fj.1465-7295.1980.tb00570.x},
	year = 1980,
	month = {apr},
	publisher = {Wiley},
	volume = {18},
	number = {2},
	pages = {203--220},
	author = {ROBERT E. LUCAS},
	title = {{EQUILIBRIUM} {IN} A {PURE} {CURRENCY} {ECONOMY}},
	journal = {Economic Inquiry}
}

@article{Frankel_Rose_1996_JIE,
	doi = {10.1016/s0022-1996(96)01441-9},
	url = {https://doi.org/10.1016%2Fs0022-1996%2896%2901441-9},
	year = 1996,
	month = {nov},
	publisher = {Elsevier {BV}},
	volume = {41},
	number = {3-4},
	pages = {351--366},
	author = {Jeffrey A. Frankel and Andrew K. Rose},
	title = {Currency crashes in emerging markets: An empirical treatment},
	journal = {Journal of International Economics}
}

@article{harris2003hyberbolic,
  title={Hyberbolic Discounting and Consumption},
  author={Harris, Christopher and Laibson, David},
  journal={Econometric Society Monographs},
  volume={35},
  pages={258--297},
  year={2003},
  publisher={Cambridge University Press}
}

@article{Freund_2008,
	doi = {10.1257/aer.98.4.1675},
	url = {https://doi.org/10.1257%2Faer.98.4.1675},
	year = 2008,
	month = {aug},
	publisher = {American Economic Association},
	volume = {98},
	number = {4},
	pages = {1675--1691},
	author = {Caroline Freund and {\c{C}}a{\u{g}}lar Özden},
	title = {Trade Policy and Loss Aversion},
	journal = {American Economic Review}
}

@article{Jermann_2012,
	doi = {10.1257/aer.102.1.238},
	url = {https://doi.org/10.1257%2Faer.102.1.238},
	year = 2012,
	month = {feb},
	publisher = {American Economic Association},
	volume = {102},
	number = {1},
	pages = {238--271},
	author = {Urban Jermann and Vincenzo Quadrini},
	title = {Macroeconomic Effects of Financial Shocks},
	journal = {American Economic Review}
}

@article{Nash_1950,
	doi = {10.1073/pnas.36.1.48},
	url = {https://doi.org/10.1073%2Fpnas.36.1.48},
	year = 1950,
	month = {jan},
	publisher = {Proceedings of the National Academy of Sciences},
	volume = {36},
	number = {1},
	pages = {48--49},
	author = {J. F. Nash},
	title = {Equilibrium points in n-person games},
	journal = {Proceedings of the National Academy of Sciences}
}

@article{Mirrlees_1971,
	doi = {10.2307/2296779},
	url = {https://doi.org/10.2307%2F2296779},
	year = 1971,
	month = {apr},
	publisher = {Oxford University Press ({OUP})},
	volume = {38},
	number = {2},
	pages = {175},
	author = {J. A. Mirrlees},
	title = {An Exploration in the Theory of Optimum Income Taxation},
	journal = {The Review of Economic Studies}
}

@article{Burkhard_Heer_and_Alfred_Maussner_2011_Jahrbücher_für_Nationalökonomie_und_Statistik,
	doi = {10.1515/jbnst-2011-0404},
	url = {https://doi.org/10.1515%2Fjbnst-2011-0404},
	year = 2011,
	month = {jan},
	publisher = {Walter de Gruyter {GmbH}},
	volume = {231},
	number = {4},
	author = {Burkhard Heer and Alfred Mau{\ss}ner},
	title = {Value Function Iteration as a Solution Method for the Ramsey Model},
	journal = {Jahrbücher für Nationalökonomie und Statistik}
}

@article{Clark_2003,
	doi = {10.1111/1467-9396.00391},
	url = {https://doi.org/10.1111%2F1467-9396.00391},
	year = 2003,
	month = {may},
	publisher = {Wiley},
	volume = {11},
	number = {2},
	pages = {412--422},
	author = {Ephraim Clark},
	title = {Pricing the Cost of Expropriation Risk},
	journal = {Review of International Economics}
}

@article{Juhn_1993,
	doi = {10.1086/261881},
	url = {https://doi.org/10.1086%2F261881},
	year = 1993,
	month = {jun},
	publisher = {University of Chicago Press},
	volume = {101},
	number = {3},
	pages = {410--442},
	author = {Chinhui Juhn and Kevin M. Murphy and Brooks Pierce},
	title = {Wage Inequality and the Rise in Returns to Skill},
	journal = {Journal of Political Economy}
}

@article{celinska2016forked,
  title={Who is forked on GitHub? Collaboration among open source developers},
  author={Celi{\'n}ska, Dorota and others},
  journal={Faculty of Economic Sciences, Warsaw, Poland, Tech. Rep},
  volume={15},
  pages={2016},
  year={2016}
}
@article{Grossman_Helpman_1994,
    ISSN = {00028282},
    doi = {10.2307/2118033},
    URL = {http://www.jstor.org/stable/2118033},
    abstract = {We develop a model in which special-interest groups make political contributions in order to influence an incumbent government's choice of trade policy. The interest groups bid for protection with their campaign support. Politicians maximize their own welfare, which depends on total contributions collected and on the welfare of voters. We study the structure of protection that emerges in the political equilibrium and the contributions by different lobbies that support the policy outcome. We also discuss why the lobbies may in some cases prefer to have the government use trade policy to transfer income, rather than more efficient means.},
    author = {Gene M. Grossman and Elhanan Helpman},
    journal = {The American Economic Review},
    number = {4},
    pages = {833--850},
    publisher = {American Economic Association},
    title = {Protection for Sale},
    volume = {84},
    year = {1994}
}

@article{Jean-Pierre_Drugeon_and_Bertrand_Wigniolle_2020_Economic_Theory,
	doi = {10.1007/s00199-020-01291-z},
	url = {https://doi.org/10.1007%2Fs00199-020-01291-z},
	year = 2020,
	month = {jul},
	publisher = {Springer Science and Business Media {LLC}},
	author = {Jean-Pierre Drugeon and Bertrand Wigniolle},
	title = {On Markovian collective choice with heterogeneous quasi-hyperbolic discounting},
	journal = {Economic Theory}
}

@article{Daron_Acemoglu_and_Mikhail_Golosov_and_Aleh_Tsyvinski_2011_Journal_of_Public_Economics,
	doi = {10.1016/j.jpubeco.2010.10.014},
	url = {https://doi.org/10.1016%2Fj.jpubeco.2010.10.014},
	year = 2011,
	month = {aug},
	publisher = {Elsevier {BV}},
	volume = {95},
	number = {7-8},
	pages = {467--475},
	author = {Daron Acemoglu and Mikhail Golosov and Aleh Tsyvinski},
	title = {Political economy of Ramsey taxation},
	journal = {Journal of Public Economics}
}

@article{cooley1989inflation,
  title={The inflation tax in a real business cycle model},
  author={Cooley, Thomas F and Hansen, Gary D},
  journal={The American Economic Review},
  pages={733--748},
  year={1989},
  publisher={JSTOR}
}

@book{Edwards_2019,
	doi = {10.12987/yale/9780300243888.001.0001},
	url = {https://doi.org/10.12987%2Fyale%2F9780300243888.001.0001},
	year = 2019,
	month = {aug},
	publisher = {Yale University Press},
	author = {George C. Edwards},
	title = {Why the Electoral College Is Bad for America}
}


@article{Anzoategui_Comin_Gertler_Martinez_2019_AEJM,
    author = {Anzoategui, Diego and Comin, Diego and Gertler, Mark and Martinez, Joseba},
    title = {Endogenous Technology Adoption and R&D as Sources of Business Cycle Persistence},
    journal = {American Economic Journal: Macroeconomics},
    volume = {11},
    number = {3},
    year = {2019},
    month = {July},
    pages = {67-110},
    doi = {10.1257/mac.20170269},
    url = {https://www.aeaweb.org/articles?id=10.1257/mac.20170269}
}


@article{Bloom_2007_AER,
  title={Uncertainty and the Dynamics of R\&D},
  author={Bloom, Nick},
  journal={American Economic Review},
  volume={97},
  number={2},
  pages={250--255},
  year={2007}
}


@article{Zheng_Yip_Xue_2021_EL,
	 title={Innovation capability, credit constraint and the cyclicality of R&D investment},
	 volume={199},
	 ISSN={0165-1765},
	 url={http://dx.doi.org/10.1016/j.econlet.2020.109705},
	 DOI={10.1016/j.econlet.2020.109705},
	 journal={Economics Letters},
	 publisher={Elsevier BV},
	 author={Xue, Jianpo and Yip, Chong K. and Zheng, Junwei},
	 year={2021},
	 month={Feb},
	 pages={109705}
}


@article{R_1984_TAER,
  title={The relationship between federal contract R\&D and company R\&D},
  author={Lichtenberg, Frank R},
  journal={The American Economic Review},
  volume={74},
  number={2},
  pages={73--78},
  year={1984},
  publisher={JSTOR}
}



@article{Bilionis_Scheidegger_2019_JCS,
	 title={Machine learning for high-dimensional dynamic stochastic economies},
	 volume={33},
	 ISSN={1877-7503},
	 url={http://dx.doi.org/10.1016/j.jocs.2019.03.004},
	 DOI={10.1016/j.jocs.2019.03.004},
	 journal={Journal of Computational Science},
	 publisher={Elsevier BV},
	 author={Scheidegger, Simon and Bilionis, Ilias},
	 year={2019},
	 month={Apr},
	 pages={68–82}
}


@article{Peters_2020_Econometrica,
	 title={Heterogeneous Markups, Growth, and Endogenous Misallocation},
	 volume={88},
	 ISSN={0012-9682},
	 url={http://dx.doi.org/10.3982/ecta15565},
	 DOI={10.3982/ecta15565},
	 number={5},
	 journal={Econometrica},
	 publisher={The Econometric Society},
	 author={Peters, Michael},
	 year={2020},
	 pages={2037–2073}
}


@article{Farhi_Baqaee_2019_Econometrica,
	 title={The Macroeconomic Impact of Microeconomic Shocks: Beyond Hulten’s Theorem},
	 volume={87},
	 ISSN={0012-9682},
	 url={http://dx.doi.org/10.3982/ecta15202},
	 DOI={10.3982/ecta15202},
	 number={4},
	 journal={Econometrica},
	 publisher={The Econometric Society},
	 author={Baqaee, David Rezza and Farhi, Emmanuel},
	 year={2019},
	 pages={1155–1203}
}


@article{Loury_Kim_2018_IER,
	 title={COLLECTIVE REPUTATION AND THE DYNAMICS OF STATISTICAL DISCRIMINATION},
	 volume={59},
	 ISSN={0020-6598},
	 url={http://dx.doi.org/10.1111/iere.12260},
	 DOI={10.1111/iere.12260},
	 number={1},
	 journal={International Economic Review},
	 publisher={Wiley},
	 author={Kim, Young-Chul and Loury, Glenn C.},
	 year={2018},
	 month={Jan},
	 pages={3–18}
}


@article{Yu_Öry_Neeman_2019_TRANDJE,
	 title={The benefit of collective reputation},
	 volume={50},
	 ISSN={1756-2171},
	 url={http://dx.doi.org/10.1111/1756-2171.12296},
	 DOI={10.1111/1756-2171.12296},
	 number={4},
	 journal={The RAND Journal of Economics},
	 publisher={Wiley},
	 author={Neeman, Zvika and Öry, Aniko and Yu, Jungju},
	 year={2019},
	 month={Sep},
	 pages={787–821}
}


@article{Weinstein_Redding_Hottman_2016_TQJE,
	 title={Quantifying the Sources of Firm Heterogeneity*},
	 volume={131},
	 ISSN={0033-5533},
	 url={http://dx.doi.org/10.1093/qje/qjw012},
	 DOI={10.1093/qje/qjw012},
	 number={3},
	 journal={The Quarterly Journal of Economics},
	 publisher={Oxford University Press (OUP)},
	 author={Hottman, Colin J. and Redding, Stephen J. and Weinstein, David E.},
	 year={2016},
	 month={Mar},
	 pages={1291–1364}
}


@article{Grassi_Carvalho_2019_AER,
	 title={Large Firm Dynamics and the Business Cycle},
	 volume={109},
	 ISSN={0002-8282},
	 url={http://dx.doi.org/10.1257/aer.20151317},
	 DOI={10.1257/aer.20151317},
	 number={4},
	 journal={American Economic Review},
	 publisher={American Economic Association},
	 author={Carvalho, Vasco M. and Grassi, Basile},
	 year={2019},
	 month={Apr},
	 pages={1375–1425}
}


@article{Hopenhayn_1992_Econometrica,
	 title={Entry, Exit, and firm Dynamics in Long Run Equilibrium},
	 volume={60},
	 ISSN={0012-9682},
	 url={http://dx.doi.org/10.2307/2951541},
	 DOI={10.2307/2951541},
	 number={5},
	 journal={Econometrica},
	 publisher={JSTOR},
	 author={Hopenhayn, Hugo A.},
	 year={1992},
	 month={Sep},
	 pages={1127}
}


@article{Carvalho_2014_JEP,
	 title={From Micro to Macro via Production Networks},
	 volume={28},
	 ISSN={0895-3309},
	 url={http://dx.doi.org/10.1257/jep.28.4.23},
	 DOI={10.1257/jep.28.4.23},
	 number={4},
	 journal={Journal of Economic Perspectives},
	 publisher={American Economic Association},
	 author={Carvalho, Vasco M.},
	 year={2014},
	 month={Nov},
	 pages={23–48}
}


@article{Gabaix_2016_JEP,
	 title={Power Laws in Economics: An Introduction},
	 volume={30},
	 ISSN={0895-3309},
	 url={http://dx.doi.org/10.1257/jep.30.1.185},
	 DOI={10.1257/jep.30.1.185},
	 number={1},
	 journal={Journal of Economic Perspectives},
	 publisher={American Economic Association},
	 author={Gabaix, Xavier},
	 year={2016},
	 month={Feb},
	 pages={185–206}
}


@article{Saez_Piketty_2007_JEP,
	 title={How Progressive is the U.S. Federal Tax System? A Historical and International Perspective},
	 volume={21},
	 ISSN={0895-3309},
	 url={http://dx.doi.org/10.1257/jep.21.1.3},
	 DOI={10.1257/jep.21.1.3},
	 number={1},
	 journal={Journal of Economic Perspectives},
	 publisher={American Economic Association},
	 author={Piketty, Thomas and Saez, Emmanuel},
	 year={2007},
	 month={Jan},
	 pages={3–24}
}


@article{Zhou_2017_Econometrica,
	 title={Competitive Bundling},
	 volume={85},
	 ISSN={0012-9682},
	 url={http://dx.doi.org/10.3982/ecta14251},
	 DOI={10.3982/ecta14251},
	 number={1},
	 journal={Econometrica},
	 publisher={The Econometric Society},
	 author={Zhou, Jidong},
	 year={2017},
	 pages={145–172}
}

